@book{haebe76, 
    author = {U. Haeberlen}, title = {High Resolution NMR in Solids:
    Selective Averaging}, publisher = {Academic Press},  address= {New York},
    year = {1976}
}

@book{niels00, 
    author = {M. A. Nielsen and I. L. Chuang}, title = {
    Quantum Computation and Quantum Information}, 
    publisher = {Cambridge University Press}, address={Cambridge}, year = {2000}
}

@book{stol04, 
    author = {J. Stolze and D. Suter}, title = {Quantum Computing: A Short Course from Theory to Experiment}, 
    publisher = {Wiley-VCH},  address= {Berlin},
    year = {2004}
}

@book{levit05, 
    author = {M. H. Levitt}, title = {Spin Dynamics, Basics of Nuclear
    Magnetic Resonance}, publisher = {John Wiley \& Sons, Ltd}, address={Chichester},
    volume = {}, series = {}, year = {2005}
}

@article{georg96,
    title = {Dynamical mean-field theory of strongly correlated fermion systems and the limit of infinite dimensions},
    author = {Georges, Antoine and Kotliar, Gabriel and Krauth, Werner and Rozenberg, Marcelo J.},
    journal = {Rev. Mod. Phys.},
    volume = {68},
    issue = {1},
    pages = {13--125},
    numpages = {0},
    year = {1996},
    publisher = {American Physical Society},
    doi = {10.1103/RevModPhys.68.13},
    url = {https://link.aps.org/doi/10.1103/RevModPhys.68.13}
}

@article{jelez06, 
    author = {F. Jelezko and J. Wrachtrup}, title = {Single defect centres in diamond: A review}, 
    journal = {phys. stat. sol. (a)}, volume = 203, pages = 3207, year = 2006,
    DOI = {10.1002/pssa.200671403}
}

@article{uhrig07,
  title = {{K}eeping a {Q}uantum {B}it {A}live by {O}ptimized $\ensuremath{\pi}$-{P}ulse {S}equences},
  author = {Uhrig, G\"otz S.},
  journal = {Phys. Rev. Lett.},
  volume = {98},
  issue = {10},
  pages = {100504},
  numpages = {4},
  year = {2007},
  publisher = {American Physical Society},
  doi = {10.1103/PhysRevLett.98.100504},
  url = {https://link.aps.org/doi/10.1103/PhysRevLett.98.100504}
}

@article{uhrig11, 
    author = {Uhrig, G"\oetz S.}, title =
    {Exact results on dynamical decoupling by {$\pi$} pulses in quantum information processes},
    journal = {New J. Phys.}, volume = 13, pages = 059504, year = 2011, DOI =
    {10.1088/1367-2630/13/5/059504}
}

@article{sushk14, 
    author = {A. O.. Sushkov and I. Lovchinsky and N. Chisholm
    and R. L. Walsworth and H. Park and M. D. Lukin}, title =
    {{M}agnetic {R}esonance {D}etection of {I}ndividual {P}roton {S}pins {U}sing {Q}uantum {R}eporters},
    journal = {Phys. Rev. Lett.}, volume = 113, pages = 197601, year = 2014, DOI =
    {10.1103/PhysRevLett.113.197601}
}

@article{rossk14, 
    author = {T. Rosskopf and A. Dussaux and K. Ohashi and
    M. Loretz and R. Schirhagl and H. Watanabe and S. Shikata and K. M. Itoh
    and C. L. Degen}, title = {{I}nvestigation of {S}urface {M}agnetic {N}oise by {S}hallow
    {S}pins in {D}iamond}, journal = {Phys. Rev. Lett.}, volume = 112, pages = 147602, year = 2014, DOI=
    {10.1103/PhysRevLett.112.147602}
}

@article{graes21,
  title = {Dynamic mean-field theory for dense spin systems at infinite temperature},
  author = {Gr\"a\ss{}er, Timo and Bleicker, Philip and Hering, Dag-Bj\"orn and Yarmohammadi, Mohsen and Uhrig, G\"otz S.},
  journal = {Phys. Rev. Research},
  volume = {3},
  issue = {4},
  pages = {043168},
  numpages = {29},
  year = {2021},
  publisher = {American Physical Society},
  doi = {10.1103/PhysRevResearch.3.043168},
  url = {https://link.aps.org/doi/10.1103/PhysRevResearch.3.043168}
}

@article{zu21,
    author = {C. Zu and F. Machado and B. Ye and S. Choi and B. Kobrin and T. Mittiga and S. Hsieh and P. Bhattacharyya 
    and M. Markham and D. Twitchen and A. Jarmola and D. Budker and C. R. Laumann and J. E. Moore and N. Y. Yao},
    title = {Emergent hydrodynamics in a strongly interacting dipolar spin ensemble},
    journal = {Nature},
	year = {2021},
	volume = {597},
	pages = {45--50},
    doi = {10.1038/s41586-021-03763-1},
	url = {https://doi.org/10.1038%2Fs41586-021-03763-1},
}