@article{alexandrov2002,
  title = {The {{Fr{\"o}hlich-Coulomb}} Model of High-Temperature Superconductivity and Charge Segregation in the Cuprates},
  author = {Alexandrov, A. S. and Kornilovitch, P. E.},
  year = {2002},
  month = may,
  journal = {Journal of Physics: Condensed Matter},
  volume = {14},
  number = {21},
  pages = {5337},
  issn = {0953-8984},
  doi = {10.1088/0953-8984/14/21/308},
  langid = {english}
}

@article{althuser2024,
  title = {Collective Excitations in Competing Phases in Two and Three Dimensions},
  author = {Alth{\"u}ser, Joshua and Uhrig, G{\"o}tz S.},
  year = {2024},
  month = may,
  journal = {Physical Review B},
  volume = {109},
  number = {20},
  pages = {205153},
  publisher = {American Physical Society},
  doi = {10.1103/PhysRevB.109.205153}
}

@article{anderson1958,
  title = {Random-{{Phase Approximation}} in the {{Theory}} of {{Superconductivity}}},
  author = {Anderson, P. W.},
  year = {1958},
  month = dec,
  journal = {Physical Review},
  volume = {112},
  number = {6},
  pages = {1900--1916},
  publisher = {American Physical Society},
  doi = {10.1103/PhysRev.112.1900}
}

@article{anderson1963,
  title = {Plasmons, {{Gauge Invariance}}, and {{Mass}}},
  author = {Anderson, P. W.},
  year = {1963},
  month = apr,
  journal = {Physical Review},
  volume = {130},
  number = {1},
  pages = {439--442},
  publisher = {American Physical Society},
  doi = {10.1103/PhysRev.130.439}
}

@article{balandin2021,
  title = {Charge-Density-Wave Quantum Materials and Devices---{{New}} Developments and Future Prospects},
  author = {Balandin, Alexander A. and {Zaitsev-Zotov}, Sergei V. and Gr{\"u}ner, George},
  year = {2021},
  month = oct,
  journal = {Applied Physics Letters},
  volume = {119},
  number = {17},
  pages = {170401},
  issn = {0003-6951},
  doi = {10.1063/5.0074613}
}

@article{bardasis1961,
  title = {Excitons and {{Plasmons}} in {{Superconductors}}},
  author = {Bardasis, A. and Schrieffer, J. R.},
  year = {1961},
  month = feb,
  journal = {Physical Review},
  volume = {121},
  number = {4},
  pages = {1050--1062},
  publisher = {American Physical Society},
  doi = {10.1103/PhysRev.121.1050}
}

@article{bardeen1957,
  title = {Theory of {{Superconductivity}}},
  author = {Bardeen, J. and Cooper, L. N. and Schrieffer, J. R.},
  year = {1957},
  month = dec,
  journal = {Physical Review},
  volume = {108},
  number = {5},
  pages = {1175--1204},
  publisher = {American Physical Society},
  doi = {10.1103/PhysRev.108.1175}
}

@article{barends2014,
  title = {Superconducting Quantum Circuits at the Surface Code Threshold for Fault Tolerance},
  author = {Barends, R. and Kelly, J. and Megrant, A. and Veitia, A. and Sank, D. and Jeffrey, E. and White, T. C. and Mutus, J. and Fowler, A. G. and Campbell, B. and Chen, Y. and Chen, Z. and Chiaro, B. and Dunsworth, A. and Neill, C. and O'Malley, P. and Roushan, P. and Vainsencher, A. and Wenner, J. and Korotkov, A. N. and Cleland, A. N. and Martinis, John M.},
  year = {2014},
  month = apr,
  journal = {Nature},
  volume = {508},
  number = {7497},
  pages = {500--503},
  publisher = {Nature Publishing Group},
  issn = {1476-4687},
  doi = {10.1038/nature13171},
  copyright = {2014 Springer Nature Limited},
  langid = {english},
  keywords = {Quantum information,Qubits}
}

@article{bleicker2018,
  title = {Strong Quenches in the One-Dimensional {{Fermi-Hubbard}} Model},
  author = {Bleicker, Philip and Uhrig, G{\"o}tz S.},
  year = {2018},
  month = sep,
  journal = {Physical Review A},
  volume = {98},
  number = {3},
  pages = {033602},
  publisher = {American Physical Society},
  doi = {10.1103/PhysRevA.98.033602}
}

@article{bogoliubov1958,
  title = {A {{New Method}} in the {{Theory}} of {{Superconductivity}} 1},
  author = {Bogoliubov, Nn},
  year = {1958},
  journal = {Soviet physics JETP-USSR},
  volume = {7},
  number = {1},
  pages = {41--46},
  issn = {0038-5646},
  langid = {english}
}

@article{bohm2014,
  shorttitle = {Balancing {{Act}}},
  author = {B{\"o}hm, T. and Kemper, A. F. and Moritz, B. and Kretzschmar, F. and Muschler, B. and Eiter, H.-M. and Hackl, R. and Devereaux, T. P. and Scalapino, D. J. and Wen, Hai-Hu},
  year = {2014},
  month = dec,
  journal = {Physical Review X},
  volume = {4},
  number = {4},
  pages = {041046},
  publisher = {American Physical Society},
  doi = {10.1103/PhysRevX.4.041046},
  title = {Balancing {{Act}}: {{Evidence}} for a {{Strong Subdominant}} {$d$}-{{Wave Pairing Channel}} in {${\mathrm{Ba}}_{0.6}{\mathrm{K}}_{0.4}{\mathrm{Fe}}_{2}{\mathrm{As}}_{2}$}}
}

@article{bolsmann2023,
  title = {Switching the {{Magnetization}} in {{Quantum Antiferromagnets}}},
  author = {Bolsmann, Katrin and Khudoyberdiev, Asliddin and Uhrig, G{\"o}tz S.},
  year = {2023},
  month = sep,
  journal = {PRX Quantum},
  volume = {4},
  number = {3},
  pages = {030332},
  publisher = {American Physical Society},
  doi = {10.1103/PRXQuantum.4.030332}
}

@article{brieskorn1974,
  title = {Dynamics of Order Parameter Fluctuations in Gapless Superconductors below {{{\emph{T}}}}c},
  author = {Brieskorn, G. and Dinter, M. and Schmidt, H.},
  year = {1974},
  month = aug,
  journal = {Solid State Communications},
  volume = {15},
  number = {4},
  pages = {757--760},
  issn = {0038-1098},
  doi = {10.1016/0038-1098(74)90255-5}
}

@article{carbotte1990,
  title = {Properties of Boson-Exchange Superconductors},
  author = {Carbotte, J. P.},
  year = {1990},
  month = oct,
  journal = {Reviews of Modern Physics},
  volume = {62},
  number = {4},
  pages = {1027--1157},
  publisher = {American Physical Society},
  doi = {10.1103/RevModPhys.62.1027}
}

@article{cea2014,
  title = {Nature and {{Raman}} Signatures of the {{Higgs}} Amplitude Mode in the Coexisting Superconducting and Charge-Density-Wave State},
  author = {Cea, T. and Benfatto, L.},
  year = {2014},
  month = dec,
  journal = {Physical Review B},
  volume = {90},
  number = {22},
  pages = {224515},
  publisher = {American Physical Society},
  doi = {10.1103/PhysRevB.90.224515}
}

@article{chang2007,
  author = {Chang, Jun and Eremin, Ilya and Thalmeier, Peter and Fulde, Peter},
  year = {2007},
  month = dec,
  journal = {Physical Review B},
  volume = {76},
  number = {22},
  pages = {220510},
  publisher = {American Physical Society},
  doi = {10.1103/PhysRevB.76.220510},
  title = {Eliashberg Theory of Superconductivity and Inelastic Rare-Earth Impurity Scattering in the Filled Skutterudite {${\mathrm{La}}_{1\ensuremath{-}x}{\mathrm{Pr}}_{x}{\mathrm{Os}}_{4}{\mathrm{Sb}}_{12}$}}
}

@book{coleman2015,
  title = {Introduction to {{Many-Body Physics}}},
  author = {Coleman, Piers},
  year = {2015},
  publisher = {Cambridge University Press},
  address = {Cambridge},
  doi = {10.1017/CBO9781139020916},
  isbn = {978-0-521-86488-6}
}

@article{combescot1990,
  title = {Critical Temperature of Superconductors: {{Exact}} Solution from {{Eliashberg}} Equations on the Weak-Coupling Side},
  shorttitle = {Critical Temperature of Superconductors},
  author = {Combescot, R.},
  year = {1990},
  month = nov,
  journal = {Physical Review B},
  volume = {42},
  number = {13},
  pages = {7810--7824},
  publisher = {American Physical Society},
  doi = {10.1103/PhysRevB.42.7810}
}

@book{czycholl2008,
  title = {{Theoretische Festk{\"o}rperphysik}},
  author = {Czycholl, Gerd},
  year = {2008},
  series = {{Springer-Lehrbuch}},
  publisher = {Springer},
  address = {Berlin, Heidelberg},
  doi = {10.1007/978-3-540-74790-1},
  copyright = {http://www.springer.com/tdm},
  isbn = {978-3-540-74789-5 978-3-540-74790-1},
  langid = {ngerman},
  keywords = {Dielektrizitat,Elektrische Leitung,Festkorperphysik,Gitterdynamik,Kristalle,Ladungstrager,Magnetismus,Phononen,Polaritonen,Supraleitung}
}

@article{dzero2024,
  title = {Collisionless Dynamics of the Pairing Amplitude in Disordered Superconductors},
  author = {Dzero, Maxim},
  year = {2024},
  month = mar,
  journal = {Physical Review B},
  volume = {109},
  number = {10},
  pages = {L100503},
  publisher = {American Physical Society},
  doi = {10.1103/PhysRevB.109.L100503}
}

@article{eliashberg1960,
  title = {Interactions between Electrons and Lattice Vibrations in a Superconductor},
  author = {Eliashberg, {\relax GM}},
  year = {1960},
  journal = {Sov. Phys. JETP},
  volume = {11},
  number = {3},
  pages = {696--702}
}

@article{fan2022,
  title = {Characterization of Collective Excitations in Weakly Coupled Disordered Superconductors},
  author = {Fan, Bo and Samanta, Abhisek and {Garc{\'i}a-Garc{\'i}a}, Antonio M.},
  year = {2022},
  month = mar,
  journal = {Physical Review B},
  volume = {105},
  number = {9},
  pages = {094515},
  publisher = {American Physical Society},
  doi = {10.1103/PhysRevB.105.094515}
}

@article{fischer2018,
  title = {Short-Distance Breakdown of the {{Higgs}} Mechanism and the Robustness of the {{BCS}} Theory for Charged Superconductors},
  author = {Fischer, Sonja and Hecker, Matthias and Hoyer, Mareike and Schmalian, J{\"o}rg},
  year = {2018},
  month = feb,
  journal = {Physical Review B},
  volume = {97},
  number = {5},
  pages = {054510},
  publisher = {American Physical Society},
  doi = {10.1103/PhysRevB.97.054510}
}

@article{frohlich1952,
  title = {Interaction of Electrons with Lattice Vibrations},
  author = {Fr{\"o}hlich, Herbert},
  year = {1952},
  journal = {Proceedings of the Royal Society of London. Series A. Mathematical and Physical Sciences},
  volume = {215},
  number = {1122},
  pages = {291--298},
  publisher = {Royal Society},
  doi = {10.1098/rspa.1952.0212}
}

@article{frohlich1954,
  title = {On the Theory of Superconductivity: The One-Dimensional Case},
  shorttitle = {On the Theory of Superconductivity},
  author = {Fr{\"o}hlich, Herbert},
  year = {1954},
  journal = {Proceedings of the Royal Society of London. Series A. Mathematical and Physical Sciences},
  volume = {223},
  number = {1154},
  pages = {296--305},
  publisher = {Royal Society},
  doi = {10.1098/rspa.1954.0116}
}

@article{goldstone1961,
  title = {Field Theories with << {{Superconductor}} >> Solutions},
  author = {Goldstone, J.},
  year = {1961},
  month = jan,
  journal = {Il Nuovo Cimento (1955-1965)},
  volume = {19},
  number = {1},
  pages = {154--164},
  issn = {1827-6121},
  doi = {10.1007/BF02812722},
  langid = {english}
}

@article{gruner1988,
  title = {The Dynamics of Charge-Density Waves},
  author = {Gr{\"u}ner, G.},
  year = {1988},
  month = oct,
  journal = {Reviews of Modern Physics},
  volume = {60},
  number = {4},
  pages = {1129--1181},
  publisher = {American Physical Society},
  doi = {10.1103/RevModPhys.60.1129}
}

@article{hackner2023,
  title = {Bardasis-{{Schrieffer-like}} Phase Mode in a Superconducting Bilayer},
  author = {Hackner, Nico A. and Brydon, P. M. R.},
  year = {2023},
  month = dec,
  journal = {Physical Review B},
  volume = {108},
  number = {22},
  pages = {L220505},
  publisher = {American Physical Society},
  doi = {10.1103/PhysRevB.108.L220505}
}

@article{hamerla2013,
  title = {Dynamical Transition in Interaction Quenches of the One-Dimensional {{Hubbard}} Model},
  author = {Hamerla, Simone A. and Uhrig, G{\"o}tz S.},
  year = {2013},
  month = feb,
  journal = {Physical Review B},
  volume = {87},
  number = {6},
  pages = {064304},
  publisher = {American Physical Society},
  doi = {10.1103/PhysRevB.87.064304}
}

@article{hamerla2014,
  title = {Interaction Quenches in the Two-Dimensional Fermionic {{Hubbard}} Model},
  author = {Hamerla, Simone A. and Uhrig, G{\"o}tz S.},
  year = {2014},
  month = mar,
  journal = {Physical Review B},
  volume = {89},
  number = {10},
  pages = {104301},
  publisher = {American Physical Society},
  doi = {10.1103/PhysRevB.89.104301}
}

@article{hering2024,
  title = {Quantum Melting of Long-Range Ordered Quantum Antiferromagnets Investigated by Momentum-Space Continuous Similarity Transformations},
  author = {Hering, Dag-Bj{\"o}rn and Walther, Matthias R. and Schmidt, Kai P. and Uhrig, G{\"o}tz S.},
  year = {2024},
  month = aug,
  journal = {Physical Review B},
  volume = {110},
  number = {8},
  pages = {085115},
  publisher = {American Physical Society},
  doi = {10.1103/PhysRevB.110.085115}
}

@article{hirashima1987,
  title = {Collective {{Excitations}} in p- and d-{{Wave Superconductors}}},
  author = {Hirashima, Dai S. and Namaizawa, Hiroshi},
  year = {1987},
  month = jan,
  journal = {Japanese Journal of Applied Physics},
  volume = {26},
  number = {S3-1},
  pages = {167},
  publisher = {IOP Publishing},
  issn = {1347-4065},
  doi = {10.7567/JJAPS.26S3.167},
  langid = {english}
}

@article{huang2024,
  title = {Complex Charge Density Waves in Simple Electronic Systems of Two-Dimensional {{III2}}--{{VI3}} Materials},
  author = {Huang, Yu-Ting and Li, Zhen-Ze and Chen, Nian-Ke and Wang, Yeliang and Sun, Hong-Bo and Zhang, Shengbai and Li, Xian-Bin},
  year = {2024},
  month = nov,
  journal = {Nature Communications},
  volume = {15},
  number = {1},
  pages = {9983},
  publisher = {Nature Publishing Group},
  issn = {2041-1723},
  doi = {10.1038/s41467-024-54205-1},
  copyright = {2024 The Author(s)},
  langid = {english},
  keywords = {Electronic properties and materials,Ferroelectrics and multiferroics}
}

@article{hubsch2003,
  title = {Renormalization of the Electron-Phonon Interaction: A Reformulation of the {{BCS-gap}} Equation},
  shorttitle = {Renormalization of Theelectron-Phonon Interaction},
  author = {H{\"u}bsch, A. and Becker, K. W.},
  year = {2003},
  month = jun,
  journal = {The European Physical Journal B - Condensed Matter and Complex Systems},
  volume = {33},
  number = {4},
  pages = {391--396},
  issn = {1434-6036},
  doi = {10.1140/epjb/e2003-00180-9},
  langid = {english},
  keywords = {71.10.Fd Lattice fermion models,74.20.Fg BCS theory and its development}
}

@article{joas2002,
  author = {Joas, C. and Eremin, I. and Manske, D. and Bennemann, K. H.},
  year = {2002},
  month = mar,
  journal = {Physical Review B},
  volume = {65},
  number = {13},
  pages = {132518},
  publisher = {American Physical Society},
  doi = {10.1103/PhysRevB.65.132518},
  title = {Theory for Phonon-Induced Superconductivity in {${\mathrm{MgB}}_{2}$}}
}

@article{jungwirth2016,
  title = {Antiferromagnetic Spintronics},
  author = {Jungwirth, T. and Marti, X. and Wadley, P. and Wunderlich, J.},
  year = {2016},
  month = mar,
  journal = {Nature Nanotechnology},
  volume = {11},
  number = {3},
  pages = {231--241},
  publisher = {Nature Publishing Group},
  issn = {1748-3395},
  doi = {10.1038/nnano.2016.18},
  copyright = {2016 Springer Nature Limited},
  langid = {english},
  keywords = {Electronic and spintronic devices,Information storage}
}

@article{kalthoff2017,
  title = {Comparison of the Iterated Equation of Motion Approach  and the Density Matrix Formalism for the Quantum {{Rabi}} Model},
  author = {Kalthoff, Mona and Keim, Frederik and Krull, Holger and Uhrig, G{\"o}tz S.},
  year = {2017},
  month = may,
  journal = {The European Physical Journal B},
  volume = {90},
  number = {5},
  pages = {97},
  issn = {1434-6036},
  doi = {10.1140/epjb/e2017-80063-2},
  langid = {english},
  keywords = {Solid State and Materials}
}

@article{kampfrath2011,
  title = {Coherent Terahertz Control of Antiferromagnetic Spin Waves},
  author = {Kampfrath, Tobias and Sell, Alexander and Klatt, Gregor and Pashkin, Alexej and M{\"a}hrlein, Sebastian and Dekorsy, Thomas and Wolf, Martin and Fiebig, Manfred and Leitenstorfer, Alfred and Huber, Rupert},
  year = {2011},
  month = jan,
  journal = {Nature Photonics},
  volume = {5},
  number = {1},
  pages = {31--34},
  publisher = {Nature Publishing Group},
  issn = {1749-4893},
  doi = {10.1038/nphoton.2010.259},
  copyright = {2010 Springer Nature Limited},
  langid = {english},
  keywords = {Terahertz optics,Ultrafast photonics}
}

@book{kehrein2006,
  title = {The {{Flow Equation Approach}} to {{Many-Particle Systems}}},
  author = {Kehrein, Stefan},
  editor = {H{\"o}hler, G. and Fujimori, A. and Varma, C. and Steiner, F. and K{\"u}hn, J. and Tr{\"u}mper, J. and W{\"o}lfle, P. and M{\"u}ller, {\relax Th}.},
  year = {2006},
  series = {Springer {{Tracts}} in {{Modern Physics}}},
  volume = {217},
  publisher = {Springer},
  address = {Berlin, Heidelberg},
  doi = {10.1007/3-540-34068-8},
  copyright = {https://www.springernature.com/gp/researchers/text-and-data-mining},
  isbn = {978-3-540-34067-6 978-3-540-34068-3},
  langid = {english},
  keywords = {condensed matter,Condensed matter theory,Flow equations,Many-body theory,Renormalization,Strong coupling}
}

@article{khudoyberdiev2024,
  title = {Switching of Magnetization in Quantum Antiferromagnets with Time-Dependent Control Fields},
  author = {Khudoyberdiev, Asliddin and Uhrig, G{\"o}tz S.},
  year = {2024},
  month = may,
  journal = {Physical Review B},
  volume = {109},
  number = {17},
  pages = {174419},
  publisher = {American Physical Society},
  doi = {10.1103/PhysRevB.109.174419}
}

@article{khudoyberdiev2025,
  title = {Exchange-Enhanced Switching by Alternating Fields in Quantum Antiferromagnets},
  author = {Khudoyberdiev, Asliddin and Uhrig, G{\"o}tz S.},
  year = {2025},
  month = feb,
  journal = {Physical Review B},
  volume = {111},
  number = {6},
  pages = {064408},
  publisher = {American Physical Society},
  doi = {10.1103/PhysRevB.111.064408}
}

@book{kittel1963,
  title = {Quantum {{Theory}} of {{Solids}}},
  author = {Kittel, Charles},
  year = {1963},
  edition = {1},
  publisher = {John Wiley \& Sons},
  address = {New York},
  isbn = {0-471-49025-3}
}

@book{kittel2004,
  title = {Introduction to {{Solid State Physics}}},
  author = {Kittel, Charles},
  year = {2004},
  edition = {8},
  publisher = {John Wiley \& Sons},
  address = {New York},
  isbn = {978-0-471-68057-4}
}

@article{kostrzewa2018,
  title = {Anomalously High Value of {{Coulomb}} Pseudopotential for the {{H5S2}} Superconductor},
  author = {Kostrzewa, Ma{\l}gorzata and Szcz{\k e}{\'s}niak, Rados{\l}aw and Kalaga, Joanna K. and Wrona, Izabela A.},
  year = {2018},
  month = aug,
  journal = {Scientific Reports},
  volume = {8},
  number = {1},
  pages = {11957},
  publisher = {Nature Publishing Group},
  issn = {2045-2322},
  doi = {10.1038/s41598-018-30391-z},
  copyright = {2018 The Author(s)},
  langid = {english},
  keywords = {Condensed-matter physics,Physics}
}

@article{krantz2019,
  title = {A Quantum Engineer's Guide to Superconducting Qubits},
  author = {Krantz, P. and Kjaergaard, M. and Yan, F. and Orlando, T. P. and Gustavsson, S. and Oliver, W. D.},
  year = {2019},
  month = jun,
  journal = {Applied Physics Reviews},
  volume = {6},
  number = {2},
  pages = {021318},
  issn = {1931-9401},
  doi = {10.1063/1.5089550}
}

@article{krull2012,
  title = {Enhanced Perturbative Continuous Unitary Transformations},
  author = {Krull, H. and Drescher, N. A. and Uhrig, G. S.},
  year = {2012},
  month = sep,
  journal = {Physical Review B},
  volume = {86},
  number = {12},
  pages = {125113},
  publisher = {American Physical Society},
  doi = {10.1103/PhysRevB.86.125113}
}

@article{krull2016,
  title = {Coupling of {{Higgs}} and {{Leggett}} Modes in Non-Equilibrium Superconductors},
  author = {Krull, H. and Bittner, N. and Uhrig, G. S. and Manske, D. and Schnyder, A. P.},
  year = {2016},
  month = jun,
  journal = {Nature Communications},
  volume = {7},
  number = {1},
  pages = {11921},
  publisher = {Nature Publishing Group},
  issn = {2041-1723},
  doi = {10.1038/ncomms11921},
  copyright = {2016 The Author(s)},
  langid = {english},
  keywords = {Superconducting properties and materials,Theoretical physics}
}

@article{kulik1981,
  title = {Pair Susceptibility and Mode Propagation in Superconductors: {{A}} Microscopic Approach},
  shorttitle = {Pair Susceptibility and Mode Propagation in Superconductors},
  author = {Kulik, I. O. and {Entin-Wohlman}, Ora and Orbach, R.},
  year = {1981},
  month = jun,
  journal = {Journal of Low Temperature Physics},
  volume = {43},
  number = {5},
  pages = {591--620},
  issn = {1573-7357},
  doi = {10.1007/BF00115617},
  langid = {english},
  keywords = {Diffusion Constant,Kinetic Equation,Linear Response,Mode Propagation,Wave Vector}
}

@article{lenz1996,
  title = {Flow Equations for Electron-Phonon Interactions},
  author = {Lenz, Peter and Wegner, Franz},
  year = {1996},
  month = dec,
  journal = {Nuclear Physics B},
  volume = {482},
  number = {3},
  pages = {693--712},
  issn = {0550-3213},
  doi = {10.1016/S0550-3213(96)00521-4},
  keywords = {Diagonalization,Effective superconductor interaction,Electron-phonon interaction,Flow equations,Frohlich transformation,Many-particle problem}
}

@article{loth2012,
  title = {Bistability in {{Atomic-Scale Antiferromagnets}}},
  author = {Loth, Sebastian and Baumann, Susanne and Lutz, Christopher P. and Eigler, D. M. and Heinrich, Andreas J.},
  year = {2012},
  month = jan,
  journal = {Science},
  volume = {335},
  number = {6065},
  pages = {196--199},
  publisher = {American Association for the Advancement of Science},
  doi = {10.1126/science.1214131}
}

@article{maiti2015,
  author = {Maiti, Saurabh and Hirschfeld, P. J.},
  year = {2015},
  month = sep,
  journal = {Physical Review B},
  volume = {92},
  number = {9},
  pages = {094506},
  publisher = {American Physical Society},
  doi = {10.1103/PhysRevB.92.094506},
  title = {Collective Modes in Superconductors with Competing {$s$}- and {$d$}-Wave Interactions}
}

@article{measson2014,
  author = {M{\'e}asson, M.-A. and Gallais, Y. and Cazayous, M. and Clair, B. and Rodi{\`e}re, P. and Cario, L. and Sacuto, A.},
  year = {2014},
  month = feb,
  journal = {Physical Review B},
  volume = {89},
  number = {6},
  pages = {060503},
  publisher = {American Physical Society},
  doi = {10.1103/PhysRevB.89.060503},
  title = {Amplitude {{Higgs}} Mode in the {$2H\ensuremath{-}{\text{NbSe}}_{2}$} Superconductor}
}

@article{meissner1933,
  title = {{Ein neuer Effekt bei Eintritt der Supraleitf{\"a}higkeit}},
  author = {Meissner, W. and Ochsenfeld, R.},
  year = {1933},
  month = nov,
  journal = {Naturwissenschaften},
  volume = {21},
  number = {44},
  pages = {787--788},
  issn = {1432-1904},
  doi = {10.1007/BF01504252},
  langid = {ngerman}
}

@article{mielke1997,
  title = {Calculating Critical Temperatures of Superconductivity from a Renormalized {{Hamiltonian}}},
  author = {Mielke, A.},
  year = {1997},
  month = oct,
  journal = {Europhysics Letters},
  volume = {40},
  number = {2},
  pages = {195},
  publisher = {IOP Publishing},
  issn = {0295-5075},
  doi = {10.1209/epl/i1997-00445-5},
  langid = {english}
}

@article{mielke1997a,
  title = {Similarity Renormalization of the Electron-Phonon Coupling},
  author = {Mielke, Andreas},
  year = {1997},
  journal = {Annalen der Physik},
  volume = {509},
  number = {3},
  pages = {215--233},
  issn = {1521-3889},
  doi = {10.1002/andp.19975090305},
  langid = {english},
  keywords = {Effective interactions,Electron-phonon coupling,Superconductivity}
}

@article{morel1962,
  title = {Calculation of the {{Superconducting State Parameters}} with {{Retarded Electron-Phonon Interaction}}},
  author = {Morel, P. and Anderson, P. W.},
  year = {1962},
  month = feb,
  journal = {Physical Review},
  volume = {125},
  number = {4},
  pages = {1263--1271},
  publisher = {American Physical Society},
  doi = {10.1103/PhysRev.125.1263}
}

@article{muller2019,
  title = {Collective Modes in Pumped Unconventional Superconductors with Competing Ground States},
  author = {M{\"u}ller, Marvin A. and Volkov, Pavel A. and Paul, Indranil and Eremin, Ilya M.},
  year = {2019},
  month = oct,
  journal = {Physical Review B},
  volume = {100},
  number = {14},
  pages = {140501},
  publisher = {American Physical Society},
  doi = {10.1103/PhysRevB.100.140501}
}

@article{nakamura1999,
  title = {Coherent Control of Macroscopic Quantum States in a Single-{{Cooper-pair}} Box},
  author = {Nakamura, Y. and Pashkin, Yu A. and Tsai, J. S.},
  year = {1999},
  month = apr,
  journal = {Nature},
  volume = {398},
  number = {6730},
  pages = {786--788},
  publisher = {Nature Publishing Group},
  issn = {1476-4687},
  doi = {10.1038/19718},
  copyright = {1999 Macmillan Magazines Ltd.},
  langid = {english},
  keywords = {Humanities and Social Sciences,multidisciplinary,Science}
}

@book{onnes1990,
  title = {Through {{Measurement}} to {{Knowledge}}},
  author = {Onnes, Heike Kamerlingh},
  editor = {Gavroglu, Kostas and Goudaroulis, Yorgos and Cohen, Robert S.},
  year = {1990},
  series = {Boston {{Studies}} in the {{Philosophy}} of {{Science}}},
  volume = {124},
  publisher = {Springer Netherlands},
  address = {Dordrecht},
  doi = {10.1007/978-94-009-2079-8},
  copyright = {http://www.springer.com/tdm},
  isbn = {978-94-010-7433-9 978-94-009-2079-8},
  keywords = {15th century,communication,conductor,corpus,culture,Dante,Friedrich Schiller,Homer,Johann Wolfgang von Goethe,knowledge,lyric,metals,physics,present}
}

@book{pathria2011,
  title = {Statistical {{Mechanics}}},
  author = {Pathria, R.K. and Beale, P.D.},
  year = {2011},
  edition = {3},
  publisher = {Academic Press},
  address = {Boston},
  isbn = {978-0-12-382188-1}
}

@book{pettifor1984,
  title = {The {{Recursion Method}} and {{Its Applications}}},
  author = {Pettifor, D.G. and Weaire, D.L.},
  year = {1984},
  publisher = {Springer},
  address = {Berlin, Heidelberg},
  isbn = {978-3-642-82444-9}
}

@article{reinhoffer2022,
  shorttitle = {High-Order Nonlinear Terahertz Probing of the Two-Band Superconductor \$\{{\textbackslash}mathrm\{\vphantom{\}\}}{{MgB}}\vphantom\{\}\vphantom\{\}\_\{2\}\$},
  author = {Reinhoffer, C. and Pilch, P. and Reinold, A. and Derendorf, P. and Kovalev, S. and Deinert, J.-C. and Ilyakov, I. and Ponomaryov, A. and Chen, Min and Xu, Tie-Quan and Wang, Yue and Gan, Zi-Zhao and Wu, De-Sheng and Luo, Jian-Lin and Germanskiy, S. and Mashkovich, E. A. and {van Loosdrecht}, P. H. M. and Eremin, I. M. and Wang, Zhe},
  year = {2022},
  month = dec,
  journal = {Physical Review B},
  volume = {106},
  number = {21},
  pages = {214514},
  publisher = {American Physical Society},
  doi = {10.1103/PhysRevB.106.214514},
  title = {High-Order Nonlinear Terahertz Probing of the Two-Band Superconductor {${\mathrm{MgB}}_{2}$}: {{Third-}} and Fifth-Order Harmonic Generation}
}

@book{rickayzen1980,
  title = {Green's Functions and Condensed Matter},
  author = {Rickayzen, Gerald},
  year = {1980},
  series = {Techniques of Physics},
  number = {5},
  publisher = {Academic Press},
  address = {London},
  isbn = {978-0-12-587950-7},
  langid = {english}
}

@article{schmid1975,
  author = {Schmid, Albert and Sch{\"o}n, Gerd},
  year = {1975},
  month = jul,
  journal = {Journal of Low Temperature Physics},
  volume = {20},
  number = {1},
  pages = {207--227},
  issn = {1573-7357},
  doi = {10.1007/BF00115264},
  langid = {english},
  keywords = {Distribution Function,Kinetic Equation,Linearize Equation,Magnetic Material,Relaxation Process},
  title = {Linearized Kinetic Equations and Relaxation Processes of a Superconductor near {$T_c$}}
}

@article{schmiedinghoff2022,
  title = {Efficient Flow Equations for Dissipative Systems},
  author = {Schmiedinghoff, Gary and Uhrig, G{\"o}tz S.},
  year = {2022},
  month = dec,
  journal = {SciPost Physics},
  volume = {13},
  number = {6},
  pages = {122},
  issn = {2542-4653},
  doi = {10.21468/SciPostPhys.13.6.122},
  langid = {english}
}

@book{schon1976,
  title = {Propagating Collective Modes in Superconductors},
  author = {Sch{\"o}n, Gerd},
  year = {1976},
  publisher = {PhD thesis, Universit{\"a}t Dortmund},
  address = {Dortmund}
}

@article{schrodinger1926,
  title = {An {{Undulatory Theory}} of the {{Mechanics}} of {{Atoms}} and {{Molecules}}},
  author = {Schr{\"o}dinger, E.},
  year = {1926},
  month = dec,
  journal = {Physical Review},
  volume = {28},
  number = {6},
  pages = {1049--1070},
  publisher = {American Physical Society},
  doi = {10.1103/PhysRev.28.1049}
}

@article{schwarz2020,
  title = {Classification and Characterization of Nonequilibrium {{Higgs}} Modes in Unconventional Superconductors},
  author = {Schwarz, L. and Fauseweh, B. and Tsuji, N. and Cheng, N. and Bittner, N. and Krull, H. and Berciu, M. and Uhrig, G. S. and Schnyder, A. P. and Kaiser, S. and Manske, D.},
  year = {2020},
  month = jan,
  journal = {Nature Communications},
  volume = {11},
  number = {1},
  pages = {287},
  publisher = {Nature Publishing Group},
  issn = {2041-1723},
  doi = {10.1038/s41467-019-13763-5},
  copyright = {2020 The Author(s)},
  langid = {english},
  keywords = {Superconducting properties and materials,Theoretical physics}
}

@article{sigrist2005,
  title = {Introduction to {{Unconventional Superconductivity}}},
  author = {Sigrist, Manfred},
  year = {2005},
  month = sep,
  journal = {AIP Conference Proceedings},
  volume = {789},
  number = {1},
  pages = {165--243},
  issn = {0094-243X},
  doi = {10.1063/1.2080350}
}

@article{simanek1975,
  author = {{\v S}im{\'a}nek, E.},
  year = {1975},
  month = mar,
  journal = {Physics Letters A},
  volume = {51},
  number = {4},
  pages = {215--216},
  issn = {0375-9601},
  doi = {10.1016/0375-9601(75)90535-6},
  title = {Collective Modes in Superconductors near {$T_c$}}
}

@article{simonato2023,
  title = {Revised {{Tolmachev-Morel-Anderson}} Pseudopotential for Layered Conventional Superconductors with Nonlocal {{Coulomb}} Interaction},
  author = {Simonato, M. and Katsnelson, M. I. and R{\"o}sner, M.},
  year = {2023},
  month = aug,
  journal = {Physical Review B},
  volume = {108},
  number = {6},
  pages = {064513},
  publisher = {American Physical Society},
  doi = {10.1103/PhysRevB.108.064513}
}

@article{sulaiman2024,
  title = {Optical Pumping of {{Bardeen-Cooper-Schrieffer}} Superconductors},
  author = {Sulaiman, Vanessa and Uhrig, G{\"o}tz S.},
  year = {2024},
  month = nov,
  journal = {Physical Review B},
  volume = {110},
  number = {18},
  pages = {184513},
  publisher = {American Physical Society},
  doi = {10.1103/PhysRevB.110.184513}
}

@article{sun2020,
  title = {Collective Modes and Terahertz Near-Field Response of Superconductors},
  author = {Sun, Zhiyuan and Fogler, M. M. and Basov, D. N. and Millis, Andrew J.},
  year = {2020},
  month = jun,
  journal = {Physical Review Research},
  volume = {2},
  number = {2},
  pages = {023413},
  publisher = {American Physical Society},
  doi = {10.1103/PhysRevResearch.2.023413}
}

@article{sun2020a,
  title = {Bardasis-{{Schrieffer}} Polaritons in Excitonic Insulators},
  author = {Sun, Zhiyuan and Millis, Andrew J.},
  year = {2020},
  month = jul,
  journal = {Physical Review B},
  volume = {102},
  number = {4},
  pages = {041110},
  publisher = {American Physical Society},
  doi = {10.1103/PhysRevB.102.041110}
}

@article{tsuji2015,
  title = {Theory of {{Anderson}} Pseudospin Resonance with {{Higgs}} Mode in Superconductors},
  author = {Tsuji, Naoto and Aoki, Hideo},
  year = {2015},
  month = aug,
  journal = {Physical Review B},
  volume = {92},
  number = {6},
  pages = {064508},
  publisher = {American Physical Society},
  doi = {10.1103/PhysRevB.92.064508}
}

@article{uhrig2009,
  title = {Interaction Quenches of {{Fermi}} Gases},
  author = {Uhrig, G{\"o}tz S.},
  year = {2009},
  month = dec,
  journal = {Physical Review A},
  volume = {80},
  number = {6},
  pages = {061602},
  publisher = {American Physical Society},
  doi = {10.1103/PhysRevA.80.061602}
}

@article{varma2002,
  title = {Higgs {{Boson}} in {{Superconductors}}},
  author = {Varma, C. M.},
  year = {2002},
  month = feb,
  journal = {Journal of Low Temperature Physics},
  volume = {126},
  number = {3},
  pages = {901--909},
  issn = {1573-7357},
  doi = {10.1023/A:1013890507658},
  langid = {english},
  keywords = {Electromagnetic Field,Energy Mode,Helium,Higgs Boson,Magnetic Material}
}

@article{vashishta1973,
  author = {Vashishta, P. and Carbotte, J. P.},
  year = {1973},
  month = mar,
  journal = {Physical Review B},
  volume = {7},
  number = {5},
  pages = {1874--1880},
  publisher = {American Physical Society},
  doi = {10.1103/PhysRevB.7.1874},
  title = {Superconductivity in {${\mathrm{Pb}}_{0.9}$}{${\mathrm{Bi}}_{0.1}$}}
}

@book{viswanath1994,
  title = {The {{Recursion Method}}},
  author = {Viswanath, V.S. and M{\"u}ller, G.},
  year = {1994},
  publisher = {Springer},
  address = {Berlin, Heidelberg},
  isbn = {978-3-662-14512-8}
}

@article{volkov1973,
  title = {Collisionless Relaxation of the Energy Gap in Superconductors},
  author = {Volkov, A.F. and Kogan, {\relax Sh.M}.},
  year = {1973},
  journal = {Soviet physics JETP-USSR},
  volume = {65},
  number = {5},
  pages = {2038--2046}
}

@article{wadley2016,
  title = {Electrical Switching of an Antiferromagnet},
  author = {Wadley, P. and Howells, B. and {\v Z}elezn{\'y}, J. and Andrews, C. and Hills, V. and Campion, R. P. and Nov{\'a}k, V. and Olejn{\'i}k, K. and Maccherozzi, F. and Dhesi, S. S. and Martin, S. Y. and Wagner, T. and Wunderlich, J. and Freimuth, F. and Mokrousov, Y. and Kune{\v s}, J. and Chauhan, J. S. and Grzybowski, M. J. and Rushforth, A. W. and Edmonds, K. W. and Gallagher, B. L. and Jungwirth, T.},
  year = {2016},
  month = feb,
  journal = {Science},
  volume = {351},
  number = {6273},
  pages = {587--590},
  publisher = {American Association for the Advancement of Science},
  doi = {10.1126/science.aab1031}
}

@article{walther2023,
  title = {Continuous Similarity Transformation for Critical Phenomena: {{Easy-axis}} Antiferromagnetic {{XXZ}} Model},
  shorttitle = {Continuous Similarity Transformation for Critical Phenomena},
  author = {Walther, Matthias R. and Hering, Dag-Bj{\"o}rn and Uhrig, G{\"o}tz S. and Schmidt, Kai P.},
  year = {2023},
  month = feb,
  journal = {Physical Review Research},
  volume = {5},
  number = {1},
  pages = {013132},
  publisher = {American Physical Society},
  doi = {10.1103/PhysRevResearch.5.013132}
}

@article{yuzbashyan2006,
  title = {Relaxation and {{Persistent Oscillations}} of the {{Order Parameter}} in {{Fermionic Condensates}}},
  author = {Yuzbashyan, Emil A. and Tsyplyatyev, Oleksandr and Altshuler, Boris L.},
  year = {2006},
  month = mar,
  journal = {Physical Review Letters},
  volume = {96},
  number = {9},
  pages = {097005},
  publisher = {American Physical Society},
  doi = {10.1103/PhysRevLett.96.097005}
}

@article{zelezny2014,
  title = {Relativistic {{N}}{\textbackslash}'eel-{{Order Fields Induced}} by {{Electrical Current}} in {{Antiferromagnets}}},
  author = {{\v Z}elezn{\'y}, J. and Gao, H. and V{\'y}born{\'y}, K. and Zemen, J. and Ma{\v s}ek, J. and Manchon, Aur{\'e}lien and Wunderlich, J. and Sinova, Jairo and Jungwirth, T.},
  year = {2014},
  month = oct,
  journal = {Physical Review Letters},
  volume = {113},
  number = {15},
  pages = {157201},
  publisher = {American Physical Society},
  doi = {10.1103/PhysRevLett.113.157201}
}

@book{zotero-210,
  title = {Quantities, {{Units}} and {{Symbols}} in {{Physical Chemistry}}: 4th {{Edition}}, {{Abridged Version}}},
  shorttitle = {Quantities, {{Units}} and {{Symbols}} in {{Physical Chemistry}}},
  langid = {english}
}

@misc{zotero-221,
  title = {On the Theory of Superconductivity: The One-Dimensional Case {\textbar} {{Proceedings}} of the {{Royal Society}} of {{London}}. {{Series A}}. {{Mathematical}} and {{Physical Sciences}}},
  shorttitle = {On the Theory of Superconductivity},
  journal = {The Royal Society Publishing},
  howpublished = {https://royalsocietypublishing.org/action/showCitFormats?doi=10.1098\%2Frspa.1954.0116},
  langid = {english}
}
