@article{sachdev90,
  title = {Bond-operator representation of quantum spins: {Mean-field theory} of frustrated quantum {Heisenberg} antiferromagnets},
  author = {Sachdev, Subir and Bhatt, R. N.},
  journal = {Phys. Rev. B},
  volume = {41},
  issue = {13},
  pages = {9323--9329},
  numpages = {0},
  year = {1990},
  month = {May},
  publisher = {American Physical Society},
  doi = {10.1103/PhysRevB.41.9323},
  url = {https://link.aps.org/doi/10.1103/PhysRevB.41.9323}
}

@article{krull12,
  title = {Enhanced perturbative continuous unitary transformations},
  author = {Krull, H. and Drescher, N. A. and Uhrig, G. S.},
  journal = {Phys. Rev. B},
  volume = {86},
  issue = {12},
  pages = {125113},
  numpages = {27},
  year = {2012},
  month = {Sep},
  publisher = {American Physical Society},
  doi = {10.1103/PhysRevB.86.125113},
  url = {https://link.aps.org/doi/10.1103/PhysRevB.86.125113}
}

@article{kalth17,
  author={Kalthoff, M. and Keim, F. and Krull, H. and Uhrig, G. S.},
  title={Comparison of the iterated equation of motion approach and the density matrix formalism for the quantum {Rabi} model},
  journal={The European Physical Journal B},
  year={2017},
  month={May},
  day={24},
  volume={90},
  number={5},
  pages={97},
  issn={1434-6036},
  doi={10.1140/epjb/e2017-80063-2},
  url={https://doi.org/10.1140/epjb/e2017-80063-2}
}

@article{bleic18,
  title = {Strong quenches in the one-dimensional {Fermi-Hubbard} model},
  author = {Bleicker, P. and Uhrig, G. S.},
  journal = {Phys. Rev. A},
  volume = {98},
  issue = {3},
  pages = {033602},
  numpages = {15},
  year = {2018},
  month = {Sep},
  publisher = {American Physical Society},
  doi = {10.1103/PhysRevA.98.033602},
  url = {https://link.aps.org/doi/10.1103/PhysRevA.98.033602}
}

@article{ander87,
author = {P. W. Anderson },
title = {The Resonating Valence Bond State in {La2CuO4} and Superconductivity},
journal = {Science},
volume = {235},
number = {4793},
pages = {1196-1198},
year = {1987},
doi = {10.1126/science.235.4793.1196},
URL = {https://www.science.org/doi/abs/10.1126/science.235.4793.1196}
}

@article{liang88,
  title = {Some New Variational Resonating-Valence-Bond-Type Wave Functions for the Spin-\textonehalf{} Antiferromagnetic {Heisenberg} Model on a Square Lattice},
  author = {Liang, S. and Doucot, B. and Anderson, P. W.},
  journal = {Phys. Rev. Lett.},
  volume = {61},
  issue = {3},
  pages = {365--368},
  numpages = {0},
  year = {1988},
  month = {Jul},
  publisher = {American Physical Society},
  doi = {10.1103/PhysRevLett.61.365},
  url = {https://link.aps.org/doi/10.1103/PhysRevLett.61.365}
}


@article{mentr06,
author={Mentr{\'e}, Olivier
and Ketatni, El Mostafa
and Colmont, Marie
and Huv{\'e}, Marielle
and Abraham, Francis
and Petricek, Vaclav},
title={Structural Features of the Modulated {BiCu2(P1-xVx)O6} Solid Solution; {4-D} Treatment of x = 0.87 Compound and Magnetic Spin-Gap to Gapless Transition in New {Cu2+} Two-Leg Ladder Systems},
journal={Journal of the American Chemical Society},
year={2006},
month={Aug},
day={01},
publisher={American Chemical Society},
volume={128},
number={33},
pages={10857-10867},
issn={0002-7863},
doi={10.1021/ja0631091},
url={https://doi.org/10.1021/ja0631091}
}

@article{leanna21,
  author          = {M\"uller, L. B.},
  title           = {Quasiparticle decay induced by spin anisotropies in the frustrated spin ladder system {BiCu2PO6}},
  year            = {2021},
  doi={http://dx.doi.org/10.17877/DE290R-22021}
}

@article{manou91,
  title = {The spin-\textonehalf{} {Heisenberg} antiferromagnet on a square lattice and its application to the cuprous oxides},
  author = {Manousakis, Efstratios},
  journal = {Rev. Mod. Phys.},
  volume = {63},
  issue = {1},
  pages = {1--62},
  numpages = {0},
  year = {1991},
  month = {Jan},
  publisher = {American Physical Society},
  doi = {10.1103/RevModPhys.63.1},
  url = {https://link.aps.org/doi/10.1103/RevModPhys.63.1}
}

@article{schmi03,
  title = {Excitations in One-Dimensional $S=\frac{1}{2}$ Quantum Antiferromagnets},
  author = {Schmidt, Kai P. and Uhrig, G\"otz S.},
  journal = {Phys. Rev. Lett.},
  volume = {90},
  issue = {22},
  pages = {227204},
  numpages = {4},
  year = {2003},
  month = {Jun},
  publisher = {American Physical Society},
  doi = {10.1103/PhysRevLett.90.227204},
  url = {https://link.aps.org/doi/10.1103/PhysRevLett.90.227204}
}

@article{schmi05,
author = {Schmidt, K. and Uhrig, Götz},
year = {2005},
month = {08},
pages = {},
title = {Spectral Properties of Magnetic Excitations in Cuprate Two-Leg Ladder Systems},
volume = {19},
journal = {Modern Physics Letters B},
doi = {10.1142/S0217984905009237}
}

@article{dagot89,
  title = {Phase diagram of the frustrated spin-1/2 Heisenberg antiferromagnet in 2 dimensions},
  author = {Dagotto, Elbio and Moreo, Adriana},
  journal = {Phys. Rev. Lett.},
  volume = {63},
  issue = {19},
  pages = {2148--2151},
  numpages = {0},
  year = {1989},
  month = {Nov},
  publisher = {American Physical Society},
  doi = {10.1103/PhysRevLett.63.2148},
  url = {https://link.aps.org/doi/10.1103/PhysRevLett.63.2148}
}

@article{uhrig09,
  title = {Interaction quenches of Fermi gases},
  author = {Uhrig, G\"otz S.},
  journal = {Phys. Rev. A},
  volume = {80},
  issue = {6},
  pages = {061602},
  numpages = {4},
  year = {2009},
  month = {Dec},
  publisher = {American Physical Society},
  doi = {10.1103/PhysRevA.80.061602},
  url = {https://link.aps.org/doi/10.1103/PhysRevA.80.061602}
}

@article{hamer13,
  title = {Dynamical transition in interaction quenches of the one-dimensional {Hubbard} model},
  author = {Hamerla, Simone A. and Uhrig, G\"otz S.},
  journal = {Phys. Rev. B},
  volume = {87},
  issue = {6},
  pages = {064304},
  numpages = {6},
  year = {2013},
  month = {Feb},
  publisher = {American Physical Society},
  doi = {10.1103/PhysRevB.87.064304},
  url = {https://link.aps.org/doi/10.1103/PhysRevB.87.064304}
}

@article{hamer14,
  title = {Interaction quenches in the two-dimensional fermionic {Hubbard} model},
  author = {Hamerla, Simone A. and Uhrig, G\"otz S.},
  journal = {Phys. Rev. B},
  volume = {89},
  issue = {10},
  pages = {104301},
  numpages = {7},
  year = {2014},
  month = {Mar},
  publisher = {American Physical Society},
  doi = {10.1103/PhysRevB.89.104301},
  url = {https://link.aps.org/doi/10.1103/PhysRevB.89.104301}
}

@article{mccla17,
author={McClarty, P. A.
and Kr{\"u}ger, F.
and Guidi, T.
and Parker, S. F.
and Refson, K.
and Parker, A. W.
and Prabhakaran, D.
and Coldea, R.},
title={Topological triplon modes and bound states in a {Shastry-Sutherland} magnet},
journal={Nature Physics},
year={2017},
month={Aug},
day={01},
volume={13},
number={8},
pages={736-741},
issn={1745-2481},
doi={10.1038/nphys4117},
url={https://doi.org/10.1038/nphys4117}
}

@article{knett03,
author={Knetter, C.
and Schmidt, K. P.
and Uhrig, G. S.},
title={High order perturbation theory for spectral densities of multi-particle excitations: s=1/2 two-leg {Heisenberg} ladder},
journal={The European Physical Journal B - Condensed Matter and Complex Systems},
year={2003},
month={Dec},
day={01},
volume={36},
number={4},
pages={525-544},
issn={1434-6036},
doi={10.1140/epjb/e2004-00008-2},
url={https://doi.org/10.1140/epjb/e2004-00008-2}
}

@article{trebst00,
  title = {Strong-Coupling Expansions for Multiparticle Excitations: {Continuum} and Bound States},
  author = {Trebst, Simon and Monien, Hartmut and Hamer, Chris J. and Weihong, Zheng and Singh, Rajiv R. P.},
  journal = {Phys. Rev. Lett.},
  volume = {85},
  issue = {20},
  pages = {4373--4376},
  numpages = {0},
  year = {2000},
  month = {Nov},
  publisher = {American Physical Society},
  doi = {10.1103/PhysRevLett.85.4373},
  url = {https://link.aps.org/doi/10.1103/PhysRevLett.85.4373}
}

@book{recursion,
  title = {The Recursion Method and Its Applications},
  editor = {D. G. Pettifor and D. L. Weaire},
  year = {1984},
  publisher = {Springer},
  address = {Berlin, Heidelberg},
  isbn = {978-3-642-82444-9},
  doi = {10.1007/978-3-642-82444-9}
}

@book{recursion2,
  title = {The Recursion Method},
  author = {V. S. Viswanath and Gerhard Müller},
  year = {1994},
  publisher = {Springer},
  address = {Berlin, Heidelberg},
  isbn = {978-3-662-14512-8},
  doi = {10.1007/978-3-540-48651-0}
}

@article{carls65,
  author = {Carlson, David},
  year = {1965},
  month = {12},
  pages = {},
  title = {On real eigenvalues of complex matrices},
  volume = {15},
  journal = {Pacific Journal of Mathematics},
  doi = {10.2140/pjm.1965.15.1119}
}

@book{coleman_2015, 
  place={Cambridge},
  title={Introduction to Many-Body Physics}, 
  DOI={10.1017/CBO9781139020916}, 
  publisher={Cambridge University Press}, 
  author={Coleman, Piers}, 
  year={2015}
}

@book{rickayzen1980,
  title={Green's Functions and Condensed Matter},
  author={Rickayzen, G.},
  isbn={9780125879507},
  lccn={lc80049951},
  series={Materials Science Series},
  year={1980},
  publisher={Academic Press}
}

@article{mermin66,
  title = {Absence of Ferromagnetism or Antiferromagnetism in One- or Two-Dimensional Isotropic {Heisenberg} Models},
  author = {Mermin, N. D. and Wagner, H.},
  journal = {Phys. Rev. Lett.},
  volume = {17},
  issue = {22},
  pages = {1133--1136},
  numpages = {0},
  year = {1966},
  month = {Nov},
  publisher = {American Physical Society},
  doi = {10.1103/PhysRevLett.17.1133},
  url = {https://link.aps.org/doi/10.1103/PhysRevLett.17.1133}
}

@misc{gary2020,
  doi = {10.48550/ARXIV.2012.01513},
  url = {https://arxiv.org/abs/2012.01513},
  author = {Ferkinghoff, Gary and Müller, Leanna and Uhrig, Götz S. and Kumar, Umesh and Fauseweh, Benedikt},
  title = {Accessing Multi-triplons in Spin Ladders using Resonant Inelastic X-ray Scattering},
  publisher = {arXiv},
  year = {2020},
  copyright = {arXiv.org perpetual, non-exclusive license}
}

@article{kumar19,
  title = {Theoretical study of the spin and charge dynamics of two-leg ladders as probed by resonant inelastic x-ray scattering},
  author = {Kumar, Umesh and Nocera, Alberto and Dagotto, Elbio and Johnston, Steven},
  journal = {Phys. Rev. B},
  volume = {99},
  issue = {20},
  pages = {205130},
  numpages = {13},
  year = {2019},
  month = {May},
  publisher = {American Physical Society},
  doi = {10.1103/PhysRevB.99.205130},
  url = {https://link.aps.org/doi/10.1103/PhysRevB.99.205130}
}

@article{uehara96,
author = {Uehara ,Masatomo and Nagata ,Takashi and Akimitsu ,Jun and Takahashi ,Hiroki and M\^{o}ri ,Nobuo and Kinoshita ,Kyoichi},
title = {Superconductivity in the Ladder Material {Sr0.4Ca13.6Cu24O41.84}},
journal = {Journal of the Physical Society of Japan},
volume = {65},
number = {9},
pages = {2764-2767},
year = {1996},
doi = {10.1143/JPSJ.65.2764},
URL = {https://doi.org/10.1143/JPSJ.65.2764},
eprint = {https://doi.org/10.1143/JPSJ.65.2764}
}

@article{dagot96,
author = {Elbio Dagotto  and T. M. Rice },
title = {Surprises on the Way from One- to Two-Dimensional Quantum Magnets: {The} Ladder Materials},
journal = {Science},
volume = {271},
number = {5249},
pages = {618-623},
year = {1996},
doi = {10.1126/science.271.5249.618},
URL = {https://www.science.org/doi/abs/10.1126/science.271.5249.618},
eprint = {https://www.science.org/doi/pdf/10.1126/science.271.5249.618},
}

@article{dagot92,
  title = {Superconductivity in ladders and coupled planes},
  author = {Dagotto, E. and Riera, J. and Scalapino, D.},
  journal = {Phys. Rev. B},
  volume = {45},
  issue = {10},
  pages = {5744--5747},
  numpages = {0},
  year = {1992},
  month = {Mar},
  publisher = {American Physical Society},
  doi = {10.1103/PhysRevB.45.5744},
  url = {https://link.aps.org/doi/10.1103/PhysRevB.45.5744}
}

@article{schla09,
  title = {Collective Magnetic Excitations in the Spin Ladder ${\mathrm{Sr}}_{14}{\mathrm{Cu}}_{24}{\mathbf{O}}_{41}$ Measured Using High-Resolution Resonant Inelastic X-Ray Scattering},
  author = {Schlappa, J. and Schmitt, T. and Vernay, F. and Strocov, V. N. and Ilakovac, V. and Thielemann, B. and R\o{}nnow, H. M. and Vanishri, S. and Piazzalunga, A. and Wang, X. and Braicovich, L. and Ghiringhelli, G. and Marin, C. and Mesot, J. and Delley, B. and Patthey, L.},
  journal = {Phys. Rev. Lett.},
  volume = {103},
  issue = {4},
  pages = {047401},
  numpages = {4},
  year = {2009},
  month = {Jul},
  publisher = {American Physical Society},
  doi = {10.1103/PhysRevLett.103.047401},
  url = {https://link.aps.org/doi/10.1103/PhysRevLett.103.047401}
}

@article{schmidin12,
  title = {Spectral and Thermodynamic Properties of a Strong-Leg Quantum Spin Ladder},
  author = {Schmidiger, D. and Bouillot, P. and M\"uhlbauer, S. and Gvasaliya, S. and Kollath, C. and Giamarchi, T. and Zheludev, A.},
  journal = {Phys. Rev. Lett.},
  volume = {108},
  issue = {16},
  pages = {167201},
  numpages = {5},
  year = {2012},
  month = {Apr},
  publisher = {American Physical Society},
  doi = {10.1103/PhysRevLett.108.167201},
  url = {https://link.aps.org/doi/10.1103/PhysRevLett.108.167201}
}

﻿@Article{Schmiedinghoff2022,
author={Schmiedinghoff, Gary
and M{\"u}ller, Leanna
and Kumar, Umesh
and Uhrig, G{\"o}tz S.
and Fauseweh, Benedikt},
title={Three-body bound states in antiferromagnetic spin ladders},
journal={Communications Physics},
year={2022},
month={Sep},
day={06},
volume={5},
number={1},
pages={218},
issn={2399-3650},
doi={10.1038/s42005-022-00986-0},
url={https://doi.org/10.1038/s42005-022-00986-0}
}

@article{uhrig96,
  title = {Magnetic excitation spectrum of dimerized antiferromagnetic chains},
  author = {Uhrig, G\"otz S. and Schulz, H. J.},
  journal = {Phys. Rev. B},
  volume = {54},
  issue = {14},
  pages = {R9624--R9627},
  numpages = {0},
  year = {1996},
  month = {Oct},
  publisher = {American Physical Society},
  doi = {10.1103/PhysRevB.54.R9624},
  url = {https://link.aps.org/doi/10.1103/PhysRevB.54.R9624}
}

@article{sush98,
  title = {Bound States of Magnons in the S=1/2 Quantum Spin Ladder},
  author = {Sushkov, O. P. and Kotov, V. N.},
  journal = {Phys. Rev. Lett.},
  volume = {81},
  issue = {9},
  pages = {1941--1944},
  numpages = {0},
  year = {1998},
  month = {Aug},
  publisher = {American Physical Society},
  doi = {10.1103/PhysRevLett.81.1941},
  url = {https://link.aps.org/doi/10.1103/PhysRevLett.81.1941}
}
