@article(uhrig96b, author = {G. S. Uhrig and H. J. Schulz}, title = {Magnetic
 excitations spectrum of dimerized antiferromagnetic chains}, journal= {Phys. Rev. B},
 volume={54}, pages={R9624} , year = 1996, doi={10.1103/PhysRevB.54.R9624})

@article(uhrig96be, author = {G. S. Uhrig and H. J. Schulz}, title = {Erratum:
 ``{M}agnetic  excitations spectrum of dimerized antiferromagnetic chains''},
 journal= {Phys. Rev. B}, volume={58}, pages={2900(E)} , year = 1998, 
doi={10.1103/PhysRevB.58.2900})

@article(zhito13, author = {M. E. Zhitomirsky and A. L. Chernyshev}, title = {
Spontaneous magnon decays}, journal = {Rev. Mod. Phys.}, volume = 85, pages = 219, year = 2013,
doi={10.1103/RevModPhys.85.219})

@article{yang89,
  title = {{\ensuremath{\eta} pairing and off-diagonal long-range order in a Hubbard model}},
  author = {Yang, Chen Ning},
  journal = {Phys. Rev. Lett.},
  volume = {63},
  issue = {19},
  pages = {2144--2147},
  numpages = {0},
  year = {1989},
  month = {Nov},
  publisher = {American Physical Society},
  doi = {10.1103/PhysRevLett.63.2144},
  url = {https://link.aps.org/doi/10.1103/PhysRevLett.63.2144}
}
@article{yang90,
author = {Yang, Chen Ning and Zhang, S.C.},
title = {{SO4 symmetry in a Hubbard model}},
journal = {Modern Physics Letters B},
volume = {04},
number = {11},
pages = {759-766},
year = {1990},
doi = {10.1142/S0217984990000933},
url = {https://doi.org/10.1142/S0217984990000933}
}
@article{zitko15,
  title = {{Repulsive versus attractive Hubbard model: Transport properties and spin-lattice relaxation rate}},
  author = {\v{Z}itko, Rok and Osolin, {\v{Z}}iga and Jegli\v{c}, Peter},
  journal = {Phys. Rev. B},
  volume = {91},
  issue = {15},
  pages = {155111},
  numpages = {18},
  year = {2015},
  month = {Apr},
  publisher = {American Physical Society},
  doi = {10.1103/PhysRevB.91.155111},
  url = {https://link.aps.org/doi/10.1103/PhysRevB.91.155111}
}
@article{lieb89,
  title = {{Two theorems on the Hubbard model}},
  author = {Lieb, Elliott H.},
  journal = {Phys. Rev. Lett.},
  volume = {62},
  issue = {10},
  pages = {1201--1204},
  numpages = {0},
  year = {1989},
  month = {Mar},
  publisher = {American Physical Society},
  doi = {10.1103/PhysRevLett.62.1201},
  url = {https://link.aps.org/doi/10.1103/PhysRevLett.62.1201}
}
@article{Nicoletti14,
  title = {{Optically induced superconductivity in striped ${\mathrm{La}}_{2\ensuremath{-}x}{\mathrm{Ba}}_{x}{\mathrm{CuO}}_{4}$ by polarization-selective excitation in the near infrared}},
  author = {Nicoletti, D. and Casandruc, E. and Laplace, Y. and Khanna, V. and Hunt, C. R. and Kaiser, S. and Dhesi, S. S. and Gu, G. D. and Hill, J. P. and Cavalleri, A.},
  journal = {Phys. Rev. B},
  volume = {90},
  issue = {10},
  pages = {100503},
  numpages = {6},
  year = {2014},
  month = {Sep},
  publisher = {American Physical Society},
  doi = {10.1103/PhysRevB.90.100503},
  url = {https://link.aps.org/doi/10.1103/PhysRevB.90.100503}
}
@article{Krull14,
  title = {{Signatures of nonadiabatic BCS state dynamics in pump-probe conductivity}},
  author = {Krull, H. and Manske, D. and Uhrig, G. S. and Schnyder, A. P.},
  journal = {Phys. Rev. B},
  volume = {90},
  issue = {1},
  pages = {014515},
  numpages = {13},
  year = {2014},
  month = {Jul},
  publisher = {American Physical Society},
  doi = {10.1103/PhysRevB.90.014515},
  url = {https://link.aps.org/doi/10.1103/PhysRevB.90.014515}
}

@article{Casandruc15,
  title = {{Wavelength-dependent optical enhancement of superconducting interlayer coupling in $\mathrm{L}{\mathrm{a}}_{1.885}\mathrm{B}{\mathrm{a}}_{0.115}\mathrm{Cu}{\mathrm{O}}_{4}$}},
  author = {Casandruc, E. and Nicoletti, D. and Rajasekaran, S. and Laplace, Y. and Khanna, V. and Gu, G. D. and Hill, J. P. and Cavalleri, A.},
  journal = {Phys. Rev. B},
  volume = {91},
  issue = {17},
  pages = {174502},
  numpages = {7},
  year = {2015},
  month = {May},
  publisher = {American Physical Society},
  doi = {10.1103/PhysRevB.91.174502},
  url = {https://link.aps.org/doi/10.1103/PhysRevB.91.174502}
}
@article{patel16,
  title = {Light-induced enhancement of superconductivity via melting of competing bond-density wave order in underdoped cuprates},
  author = {Patel, Aavishkar A. and Eberlein, Andreas},
  journal = {Phys. Rev. B},
  volume = {93},
  issue = {19},
  pages = {195139},
  numpages = {12},
  year = {2016},
  month = {May},
  publisher = {American Physical Society},
  doi = {10.1103/PhysRevB.93.195139},
  url = {https://link.aps.org/doi/10.1103/PhysRevB.93.195139}
}
@article{sentef17,
  title = {{Theory of Laser-Controlled Competing Superconducting and Charge Orders}},
  author = {Sentef, M. A. and Tokuno, A. and Georges, A. and Kollath, C.},
  journal = {Phys. Rev. Lett.},
  volume = {118},
  issue = {8},
  pages = {087002},
  numpages = {6},
  year = {2017},
  month = {Feb},
  publisher = {American Physical Society},
  doi = {10.1103/PhysRevLett.118.087002},
  url = {https://link.aps.org/doi/10.1103/PhysRevLett.118.087002}
}
@article{Buenemann17,
  title = {{Charge and pairing dynamics in the attractive Hubbard model: Mode coupling and the validity of linear-response theory}},
  author = {B\"unemann, J\"org and Seibold, G\"otz},
  journal = {Phys. Rev. B},
  volume = {96},
  issue = {24},
  pages = {245139},
  numpages = {17},
  year = {2017},
  month = {Dec},
  publisher = {American Physical Society},
  doi = {10.1103/PhysRevB.96.245139},
  url = {https://link.aps.org/doi/10.1103/PhysRevB.96.245139}
}
@article{romer20,
  title = {{Pairing in the two-dimensional Hubbard model from weak to strong coupling}},
  author = {R\o{}mer, Astrid T. and Maier, Thomas A. and Kreisel, Andreas and Eremin, Ilya and Hirschfeld, P. J. and Andersen, Brian M.},
  journal = {Phys. Rev. Res.},
  volume = {2},
  issue = {1},
  pages = {013108},
  numpages = {9},
  year = {2020},
  month = {Jan},
  publisher = {American Physical Society},
  doi = {10.1103/PhysRevResearch.2.013108},
  url = {https://link.aps.org/doi/10.1103/PhysRevResearch.2.013108}
}
@article{Toschi05,
doi = {10.1088/1367-2630/7/1/007},
url = {https://dx.doi.org/10.1088/1367-2630/7/1/007},
year = {2005},
month = {jan},
publisher = {},
volume = {7},
number = {1},
pages = {7},
author = {A Toschi and P Barone and M Capone and C Castellani},
title = {{Pairing and superconductivity from weak to strong coupling in the attractive Hubbard model}},
journal = {New Journal of Physics},
}
@article{Kostyrko92,
  title = {{Collective modes of the extended Hubbard model with negative $U$ and arbitrary electron density}},
  author = {Kostyrko, T. and Micnas, R.},
  journal = {Phys. Rev. B},
  volume = {46},
  issue = {17},
  pages = {11025--11032},
  numpages = {0},
  year = {1992},
  month = {Nov},
  publisher = {American Physical Society},
  doi = {10.1103/PhysRevB.46.11025},
  url = {https://link.aps.org/doi/10.1103/PhysRevB.46.11025}
}
@article{Brackett16,
title = {{An effective mean field theory for the coexistence of anti-ferromagnetism and superconductivity: Applications to iron-based superconductors and cold Bose-Fermi atomic mixtures}},
journal = {Physics Letters A},
volume = {380},
number = {41},
pages = {3421-3429},
year = {2016},
issn = {0375-9601},
doi = {https://doi.org/10.1016/j.physleta.2016.08.013},
url = {https://www.sciencedirect.com/science/article/pii/S0375960116305540},
author = {Jeremy Brackett and Joseph Newman and Theja N. {De Silva}},
}
@article{Micnas88,
doi = {10.1088/0022-3719/21/6/009},
url = {https://dx.doi.org/10.1088/0022-3719/21/6/009},
year = {1988},
month = {feb},
volume = {21},
number = {6},
pages = {L145},
author = {R Micnas and  J Ranninger and  S Robaszkiewicz},
title = {{An extended Hubbard model with inter-site attraction in two dimensions and high-$T_c$ superconductivity}},
journal = {Journal of Physics C: Solid State Physics},
}
@article{Paki19,
  title = {{Charge order and antiferromagnetism in the extended Hubbard model}},
  author = {Paki, Joseph and Terletska, Hanna and Iskakov, Sergei and Gull, Emanuel},
  journal = {Phys. Rev. B},
  volume = {99},
  issue = {24},
  pages = {245146},
  numpages = {10},
  year = {2019},
  month = {Jun},
  publisher = {American Physical Society},
  doi = {10.1103/PhysRevB.99.245146},
  url = {https://link.aps.org/doi/10.1103/PhysRevB.99.245146}
}
@article{Dzierzawa92,
author={Dzierzawa, M.},
title={{Hartree-Fock theory of spiral magnetic order in the 2-d Hubbard model}},
journal={Zeitschrift f{\"u}r Physik B Condensed Matter},
year={1992},
month={Feb},
day={01},
volume={86},
number={1},
pages={49-52},
issn={1431-584X},
doi={10.1007/BF01323546},
url={https://doi.org/10.1007/BF01323546}
}
@article{Staudt00,
author={Staudt, R. and Dzierzawa, M. and Muramatsu, A.},
title={{Phase diagram of the three-dimensional Hubbard model at half filling}},
journal={The European Physical Journal B - Condensed Matter and Complex Systems},
year={2000},
month={Oct},
day={01},
volume={17},
number={3},
pages={411-415},
issn={1434-6036},
doi={10.1007/s100510070120},
url={https://doi.org/10.1007/s100510070120}
}
@article{Onari04,
  title = {{Phase diagram of the two-dimensional extended Hubbard model: Phase transitions between different pairing symmetries when charge and spin fluctuations coexist}},
  author = {Onari, Seiichiro and Arita, Ryotaro and Kuroki, Kazuhiko and Aoki, Hideo},
  journal = {Phys. Rev. B},
  volume = {70},
  issue = {9},
  pages = {094523},
  numpages = {6},
  year = {2004},
  month = {Sep},
  publisher = {American Physical Society},
  doi = {10.1103/PhysRevB.70.094523},
  url = {https://link.aps.org/doi/10.1103/PhysRevB.70.094523}
}
@article{Micnas88b,
  title = {{Superconductivity in a narrow-band system with intersite electron pairing in two dimensions: A mean-field study}},
  author = {Micnas, R. and Ranninger, J. and Robaszkiewicz, S. and Tabor, S.},
  journal = {Phys. Rev. B},
  volume = {37},
  issue = {16},
  pages = {9410--9422},
  numpages = {0},
  year = {1988},
  month = {Jun},
  publisher = {American Physical Society},
  doi = {10.1103/PhysRevB.37.9410},
  url = {https://link.aps.org/doi/10.1103/PhysRevB.37.9410}
}
@article{Micnas89,
  title = {{Superconductivity in a narrow-band system with intersite electron pairing in two dimensions. II. Effects of nearest-neighbor exchange and correlated hopping}},
  author = {Micnas, R. and Ranninger, J. and Robaszkiewicz, S.},
  journal = {Phys. Rev. B},
  volume = {39},
  issue = {16},
  pages = {11653--11662},
  numpages = {0},
  year = {1989},
  month = {Jun},
  publisher = {American Physical Society},
  doi = {10.1103/PhysRevB.39.11653},
  url = {https://link.aps.org/doi/10.1103/PhysRevB.39.11653}
}
@article{Eriksson95,
  title = {{Symmetries and mean-field phases of the extended Hubbard model}},
  author = {Eriksson, Anders B. and Einarsson, Torbj\"orn and \"Ostlund, Stellan},
  journal = {Phys. Rev. B},
  volume = {52},
  issue = {5},
  pages = {3662--3675},
  numpages = {0},
  year = {1995},
  month = {Aug},
  publisher = {American Physical Society},
  doi = {10.1103/PhysRevB.52.3662},
  url = {https://link.aps.org/doi/10.1103/PhysRevB.52.3662}
}
@article{Sushchyev22,
  title = {{Thermodynamics of the metal-insulator transition in the extended Hubbard model from determinantal quantum Monte Carlo}},
  author = {Sushchyev, Alexander and Wessel, Stefan},
  journal = {Phys. Rev. B},
  volume = {106},
  issue = {15},
  pages = {155121},
  numpages = {8},
  year = {2022},
  month = {Oct},
  publisher = {American Physical Society},
  doi = {10.1103/PhysRevB.106.155121},
  url = {https://link.aps.org/doi/10.1103/PhysRevB.106.155121}
}
@article{Hirsch85,
  title = {{Two-dimensional Hubbard model: Numerical simulation study}},
  author = {Hirsch, J. E.},
  journal = {Phys. Rev. B},
  volume = {31},
  issue = {7},
  pages = {4403--4419},
  numpages = {0},
  year = {1985},
  month = {Apr},
  publisher = {American Physical Society},
  doi = {10.1103/PhysRevB.31.4403},
  url = {https://link.aps.org/doi/10.1103/PhysRevB.31.4403}
}
@article{Su01,
  title = {{Spin-density wave and superconductivity in an extended two-dimensional Hubbard model with nearest-neighbor attraction}},
  author = {Su, W. P. and Chen, Yan},
  journal = {Phys. Rev. B},
  volume = {64},
  issue = {17},
  pages = {172507},
  numpages = {3},
  year = {2001},
  month = {Oct},
  publisher = {American Physical Society},
  doi = {10.1103/PhysRevB.64.172507},
  url = {https://link.aps.org/doi/10.1103/PhysRevB.64.172507}
}
@article{Jiang22,
  title = {{Enhancing $d$-wave superconductivity with nearest-neighbor attraction in the extended Hubbard model}},
  author = {Jiang, Mi},
  journal = {Phys. Rev. B},
  volume = {105},
  issue = {2},
  pages = {024510},
  numpages = {6},
  year = {2022},
  month = {Jan},
  publisher = {American Physical Society},
  doi = {10.1103/PhysRevB.105.024510},
  url = {https://link.aps.org/doi/10.1103/PhysRevB.105.024510}
}
@article{Su04,
  title = {{Phase separation and $d$-wave superconductivity in a two-dimensional extended Hubbard model with nearest-neighbor attractive interaction}},
  author = {Su, W. P.},
  journal = {Phys. Rev. B},
  volume = {69},
  issue = {1},
  pages = {012506},
  numpages = {4},
  year = {2004},
  month = {Jan},
  publisher = {American Physical Society},
  doi = {10.1103/PhysRevB.69.012506},
  url = {https://link.aps.org/doi/10.1103/PhysRevB.69.012506}
}
@article{Tsuchiura95,
author = {Tsuchiura, Hiroki and Tanaka, Yukio and Ushijima, Yasunari},
title = {{Stability of s+ i d-Wave Pairing State in the 2-D Extended Hubbard Model}},
journal = {Journal of the Physical Society of Japan},
volume = {64},
number = {3},
pages = {922-926},
year = {1995},
doi = {10.1143/JPSJ.64.922},
URL = {https://doi.org/10.1143/JPSJ.64.922}
}
@article{ha11,
title = {{Superconductivity enhanced by d-density wave: A weak-coupling theory}},
journal = {Physica B: Condensed Matter},
volume = {406},
number = {8},
pages = {1459-1465},
year = {2011},
issn = {0921-4526},
doi = {https://doi.org/10.1016/j.physb.2011.01.048},
url = {https://www.sciencedirect.com/science/article/pii/S0921452611000858},
author = {Kim Ha and Ri Subok and Ri Ilmyong and Kim Cheongsong and Feng Yuling}
}
@article{Huang13,
  title = {{Unconventional superconducting phases for the two-dimensional extended Hubbard model on a square lattice}},
  author = {Huang, Wen-Min and Lai, Chen-Yen and Shi, Chuntai and Tsai, Shan-Wen},
  journal = {Phys. Rev. B},
  volume = {88},
  issue = {5},
  pages = {054504},
  numpages = {5},
  year = {2013},
  month = {Aug},
  publisher = {American Physical Society},
  doi = {10.1103/PhysRevB.88.054504},
  url = {https://link.aps.org/doi/10.1103/PhysRevB.88.054504}
}
@article{uhrig09,
  title = {{Interaction quenches of Fermi gases}},
  author = {Uhrig, G\"otz S.},
  journal = {Phys. Rev. A},
  volume = {80},
  issue = {6},
  pages = {061602},
  numpages = {4},
  year = {2009},
  month = {Dec},
  publisher = {American Physical Society},
  doi = {10.1103/PhysRevA.80.061602},
  url = {https://link.aps.org/doi/10.1103/PhysRevA.80.061602}
}
@article{hamerla13,
  title = {{Dynamical transition in interaction quenches of the one-dimensional Hubbard model}},
  author = {Hamerla, Simone A. and Uhrig, G\"otz S.},
  journal = {Phys. Rev. B},
  volume = {87},
  issue = {6},
  pages = {064304},
  numpages = {6},
  year = {2013},
  month = {Feb},
  publisher = {American Physical Society},
  doi = {10.1103/PhysRevB.87.064304},
  url = {https://link.aps.org/doi/10.1103/PhysRevB.87.064304}
}
@article{hamerla14,
  title = {{Interaction quenches in the two-dimensional fermionic Hubbard model}},
  author = {Hamerla, Simone A. and Uhrig, G\"otz S.},
  journal = {Phys. Rev. B},
  volume = {89},
  issue = {10},
  pages = {104301},
  numpages = {7},
  year = {2014},
  month = {Mar},
  publisher = {American Physical Society},
  doi = {10.1103/PhysRevB.89.104301},
  url = {https://link.aps.org/doi/10.1103/PhysRevB.89.104301}
}
@article{bleicker18,
  title = {{Strong quenches in the one-dimensional Fermi-Hubbard model}},
  author = {Bleicker, P. and Uhrig, G. S.},
  journal = {Phys. Rev. A},
  volume = {98},
  issue = {3},
  pages = {033602},
  numpages = {15},
  year = {2018},
  month = {Sep},
  publisher = {American Physical Society},
  doi = {10.1103/PhysRevA.98.033602},
  url = {https://link.aps.org/doi/10.1103/PhysRevA.98.033602}
}
@article{Kalthoff17,
  author={Kalthoff, M. and Keim, F. and Krull, H. and Uhrig, G. S.},
  title={{Comparison of the iterated equation of motion approach and the density matrix formalism for the quantum Rabi model}},
  journal={The European Physical Journal B},
  year={2017},
  month={May},
  day={24},
  volume={90},
  number={5},
  pages={97},
  issn={1434-6036},
  doi={10.1140/epjb/e2017-80063-2},
  url={https://doi.org/10.1140/epjb/e2017-80063-2}
}
@article{Moor14,
  title = {Dynamics of order parameters near stationary states in superconductors with a charge-density wave},
  author = {Moor, Andreas and Volkov, Pavel A. and Volkov, Anatoly F. and Efetov, Konstantin B.},
  journal = {Phys. Rev. B},
  volume = {90},
  issue = {2},
  pages = {024511},
  numpages = {12},
  year = {2014},
  month = {Jul},
  publisher = {American Physical Society},
  doi = {10.1103/PhysRevB.90.024511},
  url = {https://link.aps.org/doi/10.1103/PhysRevB.90.024511}
}
@article{Krull16,
author={Krull, H. and Bittner, N. and Uhrig, G. S. and Manske, D. and Schnyder, A. P.},
title={{Coupling of Higgs and Leggett modes in non-equilibrium superconductors}},
journal={Nature Communications},
year={2016},
month={Jun},
day={21},
volume={7},
number={1},
pages={11921},
issn={2041-1723},
doi={10.1038/ncomms11921},
url={https://doi.org/10.1038/ncomms11921}
}
@article{Fan22,
  title = {Characterization of collective excitations in weakly coupled disordered superconductors},
  author = {Fan, Bo and Samanta, Abhisek and Garc\'{\i}a-Garc\'{\i}a, Antonio M.},
  journal = {Phys. Rev. B},
  volume = {105},
  issue = {9},
  pages = {094515},
  numpages = {6},
  year = {2022},
  month = {Mar},
  publisher = {American Physical Society},
  doi = {10.1103/PhysRevB.105.094515},
  url = {https://link.aps.org/doi/10.1103/PhysRevB.105.094515}
}
@article{Schwarz20,
author={Schwarz, L. and Fauseweh, B. and Tsuji, N. and Cheng, N. and Bittner, N. and Krull, H. and Berciu, M. and Uhrig, G. S. and Schnyder, A. P. and Kaiser, S. and Manske, D.},
title={{Classification and characterization of nonequilibrium Higgs modes in unconventional superconductors}},
journal={Nature Communications},
year={2020},
month={Jan},
day={15},
volume={11},
number={1},
pages={287},
issn={2041-1723},
doi={10.1038/s41467-019-13763-5},
url={https://doi.org/10.1038/s41467-019-13763-5}
}
@article{Cea14,
  title = {{Nature and Raman signatures of the Higgs amplitude mode in the coexisting superconducting and charge-density-wave state}},
  author = {Cea, T. and Benfatto, L.},
  journal = {Phys. Rev. B},
  volume = {90},
  issue = {22},
  pages = {224515},
  numpages = {10},
  year = {2014},
  month = {Dec},
  publisher = {American Physical Society},
  doi = {10.1103/PhysRevB.90.224515},
  url = {https://link.aps.org/doi/10.1103/PhysRevB.90.224515}
}
@article{Hanisch97,
  title = {{Lattice dependence of saturated ferromagnetism in the {Hubbard} model}},
  author = {Hanisch, Thoralf and Uhrig, G\"otz S. and M\"uller-Hartmann, Erwin},
  journal = {Phys. Rev. B},
  volume = {56},
  issue = {21},
  pages = {13960--13982},
  numpages = {0},
  year = {1997},
  month = {Dec},
  publisher = {American Physical Society},
  doi = {10.1103/PhysRevB.56.13960},
  url = {https://link.aps.org/doi/10.1103/PhysRevB.56.13960}
}
@book{PettiforRecursion,
  title = {{The Recursion Method and Its Applications}},
  editor = {D. G. Pettifor and D. L. Weaire},
  year = {1984},
  publisher = {Springer},
  address = {Berlin, Heidelberg},
  isbn = {978-3-642-82444-9},
  doi = {10.1007/978-3-642-82444-9}
}
@book{ViswanathRecursion,
  title = {{The Recursion Method}},
  author = {V. S. Viswanath and Gerhard Müller},
  year = {1994},
  publisher = {Springer},
  address = {Berlin, Heidelberg},
  isbn = {978-3-662-14512-8},
  doi = {10.1007/978-3-540-48651-0}
}
@book{rickayzen80,
  title={{Green's Functions and Condensed Matter}},
  author={Rickayzen, G.},
  isbn={9780125879507},
  lccn={lc80049951},
  series={Materials Science Series},
  year={1980},
  publisher={Academic Press}
}
@article{takahasi73,
  author    = {Hidetosi Takahasi and Masatake Mori},
  title     = {{Double Exponential Formulas for Numerical Integration}},
  journal   = {Publ. Res. Inst. Math. Sci.},
  volume    = {9},
  number    = {3},
  year      = {1973},
  pages     = {721--741},
  doi       = {10.2977/PRIMS/1195192451},
}
@article{Tsuji15,
  title = {{Theory of Anderson pseudospin resonance with Higgs mode in superconductors}},
  author = {Tsuji, Naoto and Aoki, Hideo},
  journal = {Phys. Rev. B},
  volume = {92},
  issue = {6},
  pages = {064508},
  numpages = {11},
  year = {2015},
  month = {Aug},
  publisher = {American Physical Society},
  doi = {10.1103/PhysRevB.92.064508},
  url = {https://link.aps.org/doi/10.1103/PhysRevB.92.064508}
}
@article{Yuzbashyan05,
  title = {Nonequilibrium cooper pairing in the nonadiabatic regime},
  author = {Yuzbashyan, Emil A. and Altshuler, Boris L. and Kuznetsov, Vadim B. and Enolskii, Victor Z.},
  journal = {Phys. Rev. B},
  volume = {72},
  issue = {22},
  pages = {220503},
  numpages = {4},
  year = {2005},
  month = {Dec},
  publisher = {American Physical Society},
  doi = {10.1103/PhysRevB.72.220503},
  url = {https://link.aps.org/doi/10.1103/PhysRevB.72.220503}
}

@article{Yuzbashyan06,
  title = {{Relaxation and Persistent Oscillations of the Order Parameter in Fermionic Condensates}},
  author = {Yuzbashyan, Emil A. and Tsyplyatyev, Oleksandr and Altshuler, Boris L.},
  journal = {Phys. Rev. Lett.},
  volume = {96},
  issue = {9},
  pages = {097005},
  numpages = {4},
  year = {2006},
  month = {Mar},
  publisher = {American Physical Society},
  doi = {10.1103/PhysRevLett.96.097005},
  url = {https://link.aps.org/doi/10.1103/PhysRevLett.96.097005}
}
@article{Volkov73,
title = {Collisionless relaxation of the energy gap in superconductors},
author = {Volkov, A F and Kogan, Sh M},
url = {https://www.osti.gov/biblio/4356386}, 
journal = {Zh. Eksp. Teor. Fiz., v. 65, no. 5, pp. 2038-2046},
place = {Country unknown/Code not available},
year = {1973},
month = {11}
}
@article{Measson14,
  title = {{Amplitude Higgs mode in the $2H\ensuremath{-}{\text{{N}b{S}e}}_{2}$ superconductor}},
  author = {M\'easson, M.-A. and Gallais, Y. and Cazayous, M. and Clair, B. and Rodi\`ere, P. and Cario, L. and Sacuto, A.},
  journal = {Phys. Rev. B},
  volume = {89},
  issue = {6},
  pages = {060503},
  numpages = {5},
  year = {2014},
  month = {Feb},
  publisher = {American Physical Society},
  doi = {10.1103/PhysRevB.89.060503},
  url = {https://link.aps.org/doi/10.1103/PhysRevB.89.060503}
}
@article{Varma02,
author={Varma, C. M.},
title={{Higgs Boson in Superconductors}},
journal={Journal of Low Temperature Physics},
year={2002},
month={Feb},
day={01},
volume={126},
number={3},
pages={901-909},
issn={1573-7357},
doi={10.1023/A:1013890507658},
url={https://doi.org/10.1023/A:1013890507658}
}
@article{Cui19,
  title = {Postquench gap dynamics of two-band superconductors},
  author = {Cui, Tianbai and Sch\"utt, Michael and Orth, Peter P. and Fernandes, Rafael M.},
  journal = {Phys. Rev. B},
  volume = {100},
  issue = {14},
  pages = {144513},
  numpages = {16},
  year = {2019},
  month = {Oct},
  publisher = {American Physical Society},
  doi = {10.1103/PhysRevB.100.144513},
  url = {https://link.aps.org/doi/10.1103/PhysRevB.100.144513}
}
@article{Barankov06,
  title = {{Synchronization in the BCS Pairing Dynamics as a Critical Phenomenon}},
  author = {Barankov, R. A. and Levitov, L. S.},
  journal = {Phys. Rev. Lett.},
  volume = {96},
  issue = {23},
  pages = {230403},
  numpages = {4},
  year = {2006},
  month = {Jun},
  publisher = {American Physical Society},
  doi = {10.1103/PhysRevLett.96.230403},
  url = {https://link.aps.org/doi/10.1103/PhysRevLett.96.230403}
}
@article{Linner23,
  title = {{Coexistence of $s$-wave superconductivity and phase separation in the half-filled extended Hubbard model with attractive interactions}},
  author = {Linn\'er, E. and Dutreix, C. and Biermann, S. and Stepanov, E. A.},
  journal = {Phys. Rev. B},
  volume = {108},
  issue = {20},
  pages = {205156},
  numpages = {8},
  year = {2023},
  month = {Nov},
  publisher = {American Physical Society},
  doi = {10.1103/PhysRevB.108.205156},
  url = {https://link.aps.org/doi/10.1103/PhysRevB.108.205156}
}
@article{Anderson63,
  title = {{Plasmons, Gauge Invariance, and Mass}},
  author = {Anderson, P. W.},
  journal = {Phys. Rev.},
  volume = {130},
  issue = {1},
  pages = {439--442},
  numpages = {0},
  year = {1963},
  month = {Apr},
  publisher = {American Physical Society},
  doi = {10.1103/PhysRev.130.439},
  url = {https://link.aps.org/doi/10.1103/PhysRev.130.439}
}
@article{Goldstone1961,
author={Goldstone, J.},
title={{Field theories with ``Superconductor'' solutions}},
journal={Il Nuovo Cimento (1955-1965)},
year={1961},
month={Jan},
day={01},
volume={19},
number={1},
pages={154-164},
issn={1827-6121},
doi={10.1007/BF02812722},
url={https://doi.org/10.1007/BF02812722}
}

@article{Kulik1981,
author={Kulik, I. O.
and Entin-Wohlman, Ora
and Orbach, R.},
title={{Pair susceptibility and mode propagation in superconductors: A microscopic approach}},
journal={Journal of Low Temperature Physics},
year={1981},
month={Jun},
day={01},
volume={43},
number={5},
pages={591-620},
issn={1573-7357},
doi={10.1007/BF00115617},
url={https://doi.org/10.1007/BF00115617}
}
@article{Maiti2015,
  title = {{Collective modes in superconductors with competing $s$- and $d$-wave interactions}},
  author = {Maiti, Saurabh and Hirschfeld, P. J.},
  journal = {Phys. Rev. B},
  volume = {92},
  issue = {9},
  pages = {094506},
  numpages = {16},
  year = {2015},
  month = {Sep},
  publisher = {American Physical Society},
  doi = {10.1103/PhysRevB.92.094506},
  url = {https://link.aps.org/doi/10.1103/PhysRevB.92.094506}
}
@article{Sun2020,
  title = {Collective modes and terahertz near-field response of superconductors},
  author = {Sun, Zhiyuan and Fogler, M. M. and Basov, D. N. and Millis, Andrew J.},
  journal = {Phys. Rev. Res.},
  volume = {2},
  issue = {2},
  pages = {023413},
  numpages = {19},
  year = {2020},
  month = {Jun},
  publisher = {American Physical Society},
  doi = {10.1103/PhysRevResearch.2.023413},
  url = {https://link.aps.org/doi/10.1103/PhysRevResearch.2.023413}
}

@book(schon76, author = {G. Sch\"on}, title = {Propagating collective modes in superconductors}, 
publisher = {{PhD thesis, Universit\"at Dortmund}}, address={Dortmund}, year={1976})

@phdthesis{schoen1976propagating,
  title={Propagating collective modes in superconductors},
  author={Sch{\"o}n, G.},
  year={1976},
  school={Universit\"at Dortmund}
}

@article{Bogoljubov1958,
author={Bogoljubov, N. N.},
title={On a new method in the theory of superconductivity},
journal={Il Nuovo Cimento (1955-1965)},
year={1958},
month={Mar},
day={01},
volume={7},
number={6},
pages={794-805},
issn={1827-6121},
doi={10.1007/BF02745585},
url={https://doi.org/10.1007/BF02745585}
}
@article{Anderson58,
  title = {{Random-Phase Approximation in the Theory of Superconductivity}},
  author = {Anderson, P. W.},
  journal = {Phys. Rev.},
  volume = {112},
  issue = {6},
  pages = {1900--1916},
  numpages = {0},
  year = {1958},
  month = {Dec},
  publisher = {American Physical Society},
  doi = {10.1103/PhysRev.112.1900},
  url = {https://link.aps.org/doi/10.1103/PhysRev.112.1900}
}
@article{Schmid1975,
	risfield_0_da = {1975/07/01},
  author = {Schmid, A. and Sch\"{o}n, G.},
	doi = {https://doi.org/10.1007/BF00115264 10.1007/BF00115264},
	issn = {1573-7357},
	journal = {Journal of Low Temperature Physics},
	number = {1},
	pages = {207--227},
	title = {{Linearized kinetic equations and relaxation processes of a superconductor near $T_c$}},
	volume = {20},
	year = {1975}
}
@article{simanek1975,
  author = {\v{S}im\'{a}nek, E.},
	doi = {10.1016/0375-9601(75)90535-6},
	issn = {0375-9601},
	journal = {Physics Letters A},
	number = {4},
	pages = {215--216},
	title = {{Collective modes in superconductors near $T_c$}},
	url = {https://www.sciencedirect.com/science/article/pii/0375960175905356},
	volume = {51},
	year = {1975}
}
@article{Brieskorn74,
  author = {Brieskorn, G. and Dinter, M. and Schmidt, H.},
	doi = {10.1016/0038-1098(74)90255-5},
	issn = {0038-1098},
	journal = {Solid State Communications},
	number = {4},
	pages = {757--760},
	title = {{Dynamics of order parameter fluctuations in gapless superconductors below $T_c$}},
	url = {https://www.sciencedirect.com/science/article/pii/0038109874902555},
	volume = {15},
	year = {1974}
}
@article{Mueller2019,
  title = {{Collective modes in pumped unconventional superconductors with competing ground states}},
  author = {M\"uller, Marvin A. and Volkov, Pavel A. and Paul, Indranil and Eremin, Ilya M.},
  journal = {Phys. Rev. B},
  volume = {100},
  issue = {14},
  pages = {140501},
  numpages = {6},
  year = {2019},
  month = {Oct},
  publisher = {American Physical Society},
  doi = {10.1103/PhysRevB.100.140501},
  url = {https://link.aps.org/doi/10.1103/PhysRevB.100.140501}
}
@inbook{Coleman2015, 
  place={Cambridge}, 
  title={Phase transitions and broken symmetry}, 
  booktitle={Introduction to Many-Body Physics}, 
  publisher={Cambridge University Press}, 
  author={Coleman, Piers}, 
  year={2015}, 
  pages={357-415}
}
@article{Dyson1978,
	risfield_0_da = {1978/04/01},
  author = {Dyson, F. J. and Lieb, E. H. and Simon, B.},
	doi = {https://doi.org/10.1007/BF01106729 10.1007/BF01106729},
	issn = {1572-9613},
	journal = {Journal of Statistical Physics},
	number = {4},
	pages = {335},
	title = {{Phase transitions in quantum spin systems with isotropic and nonisotropic interactions}},
	volume = {18},
	year = {1978}
}
@article{mermin66,
  title = {{Absence of Ferromagnetism or Antiferromagnetism in One- or Two-Dimensional Isotropic Heisenberg Models}},
  author = {Mermin, N. D. and Wagner, H.},
  journal = {Phys. Rev. Lett.},
  volume = {17},
  issue = {22},
  pages = {1133--1136},
  numpages = {0},
  year = {1966},
  month = {Nov},
  publisher = {American Physical Society},
  doi = {10.1103/PhysRevLett.17.1133},
  url = {https://link.aps.org/doi/10.1103/PhysRevLett.17.1133}
}