%% Journal article
@article{bib1,
  author		= "Campbell, S. L. and Gear, C. W.",
  title			= "The index of general nonlinear {D}{A}{E}{S}",
  journal		= "Numer. {M}ath.",
  volume		= "72",
  number		= "2",
  pages			= "173--196",
  year			= "1995"
}

@article{yang89,
  title = {\ensuremath{\eta} pairing and off-diagonal long-range order in a Hubbard model},
  author = {Yang, Chen Ning},
  journal = {Phys. Rev. Lett.},
  volume = {63},
  issue = {19},
  pages = {2144--2147},
  numpages = {0},
  year = {1989},
  month = {Nov},
  publisher = {American Physical Society},
  doi = {10.1103/PhysRevLett.63.2144},
  url = {https://link.aps.org/doi/10.1103/PhysRevLett.63.2144}
}

@article{yang90,
author = {YANG, CHEN NING and ZHANG, S.C.},
title = {SO4 SYMMETRY IN A HUBBARD MODEL},
journal = {Modern Physics Letters B},
volume = {04},
number = {11},
pages = {759-766},
year = {1990},
doi = {10.1142/S0217984990000933},
url = {https://doi.org/10.1142/S0217984990000933}
}

@article{zitko15,
  title = {Repulsive versus attractive Hubbard model: Transport properties and spin-lattice relaxation rate},
  author = {\ifmmode \check{Z}\else \v{Z}\fi{}itko, Rok and Osolin, \ifmmode \check{Z}\else \v{Z}\fi{}iga and Jegli\ifmmode \check{c}\else \v{c}\fi{}, Peter},
  journal = {Phys. Rev. B},
  volume = {91},
  issue = {15},
  pages = {155111},
  numpages = {18},
  year = {2015},
  month = {Apr},
  publisher = {American Physical Society},
  doi = {10.1103/PhysRevB.91.155111},
  url = {https://link.aps.org/doi/10.1103/PhysRevB.91.155111}
}

@article{lieb89,
  title = {Two theorems on the Hubbard model},
  author = {Lieb, Elliott H.},
  journal = {Phys. Rev. Lett.},
  volume = {62},
  issue = {10},
  pages = {1201--1204},
  numpages = {0},
  year = {1989},
  month = {Mar},
  publisher = {American Physical Society},
  doi = {10.1103/PhysRevLett.62.1201},
  url = {https://link.aps.org/doi/10.1103/PhysRevLett.62.1201}
}

@article{Nicoletti14,
  title = {Optically induced superconductivity in striped ${\mathrm{La}}_{2\ensuremath{-}x}{\mathrm{Ba}}_{x}{\mathrm{CuO}}_{4}$ by polarization-selective excitation in the near infrared},
  author = {Nicoletti, D. and Casandruc, E. and Laplace, Y. and Khanna, V. and Hunt, C. R. and Kaiser, S. and Dhesi, S. S. and Gu, G. D. and Hill, J. P. and Cavalleri, A.},
  journal = {Phys. Rev. B},
  volume = {90},
  issue = {10},
  pages = {100503},
  numpages = {6},
  year = {2014},
  month = {Sep},
  publisher = {American Physical Society},
  doi = {10.1103/PhysRevB.90.100503},
  url = {https://link.aps.org/doi/10.1103/PhysRevB.90.100503}
}

@article{Casandruc15,
  title = {Wavelength-dependent optical enhancement of superconducting interlayer coupling in $\mathrm{L}{\mathrm{a}}_{1.885}\mathrm{B}{\mathrm{a}}_{0.115}\mathrm{Cu}{\mathrm{O}}_{4}$},
  author = {Casandruc, E. and Nicoletti, D. and Rajasekaran, S. and Laplace, Y. and Khanna, V. and Gu, G. D. and Hill, J. P. and Cavalleri, A.},
  journal = {Phys. Rev. B},
  volume = {91},
  issue = {17},
  pages = {174502},
  numpages = {7},
  year = {2015},
  month = {May},
  publisher = {American Physical Society},
  doi = {10.1103/PhysRevB.91.174502},
  url = {https://link.aps.org/doi/10.1103/PhysRevB.91.174502}
}

@article{patel16,
  title = {Light-induced enhancement of superconductivity via melting of competing bond-density wave order in underdoped cuprates},
  author = {Patel, Aavishkar A. and Eberlein, Andreas},
  journal = {Phys. Rev. B},
  volume = {93},
  issue = {19},
  pages = {195139},
  numpages = {12},
  year = {2016},
  month = {May},
  publisher = {American Physical Society},
  doi = {10.1103/PhysRevB.93.195139},
  url = {https://link.aps.org/doi/10.1103/PhysRevB.93.195139}
}

@article{sentef17,
  title = {Theory of Laser-Controlled Competing Superconducting and Charge Orders},
  author = {Sentef, M. A. and Tokuno, A. and Georges, A. and Kollath, C.},
  journal = {Phys. Rev. Lett.},
  volume = {118},
  issue = {8},
  pages = {087002},
  numpages = {6},
  year = {2017},
  month = {Feb},
  publisher = {American Physical Society},
  doi = {10.1103/PhysRevLett.118.087002},
  url = {https://link.aps.org/doi/10.1103/PhysRevLett.118.087002}
}

@article{Buenemann17,
  title = {Charge and pairing dynamics in the attractive Hubbard model: Mode coupling and the validity of linear-response theory},
  author = {B\"unemann, J\"org and Seibold, G\"otz},
  journal = {Phys. Rev. B},
  volume = {96},
  issue = {24},
  pages = {245139},
  numpages = {17},
  year = {2017},
  month = {Dec},
  publisher = {American Physical Society},
  doi = {10.1103/PhysRevB.96.245139},
  url = {https://link.aps.org/doi/10.1103/PhysRevB.96.245139}
}
